<?xml version="1.0" encoding="UTF-8"?>
<!DOCTYPE html PUBLIC "-//W3C//DTD XHTML 1.0 Transitional//EN"
    "http://www.w3.org/TR/xhtml1/DTD/xhtml1-transitional.dtd">
<html xmlns="http://www.w3.org/1999/xhtml" xml:lang="en" lang="en">
 <head>
  <title>
</title>
<meta http-equiv="Content-Type" content="text/html;charset=utf-8" />
  <meta name='ocr-system' content='tesseract 3.04.00' />
  <meta name='ocr-capabilities' content='ocr_page ocr_carea ocr_par ocr_line ocrx_word'/>
</head>
<body>
  <div class='ocr_page' id='page_1' title='image "./quomodobembinus00ramagoog_0035.png"; bbox 0 0 3360 5656; ppageno 0'>
   <div class='ocr_carea' id='block_1_1' title="bbox 883 628 1040 690">
    <p class='ocr_par' dir='ltr' id='par_1_1' title="bbox 883 628 1040 690">
     <span class='ocr_line' id='line_1_1' title="bbox 883 628 1040 690; baseline -0.013 -17"><span class='ocrx_word' id='word_1_1' title='bbox 883 628 1040 690; x_wconf 71' lang='grc'><strong>,28-</strong></span> 
     </span>
    </p>
   </div>
   <div class='ocr_carea' id='block_1_2' title="bbox 355 814 1539 4008">
    <p class='ocr_par' dir='ltr' id='par_1_2' title="bbox 355 814 1539 4008">
     <span class='ocr_line' id='line_1_2' title="bbox 401 814 1538 901; baseline 0.002 -23"><span class='ocrx_word' id='word_1_2' title='bbox 401 814 476 899; x_wconf 86' lang='lat' dir='ltr'>qui,</span> <span class='ocrx_word' id='word_1_3' title='bbox 509 814 593 898; x_wconf 93' lang='lat' dir='ltr'>quia</span> <span class='ocrx_word' id='word_1_4' title='bbox 630 814 686 881; x_wconf 88' lang='lat' dir='ltr'>DG</span> <span class='ocrx_word' id='word_1_5' title='bbox 727 815 808 882; x_wconf 89' lang='lat' dir='ltr'>iibri</span> <span class='ocrx_word' id='word_1_6' title='bbox 841 815 956 882; x_wconf 85' lang='lat' dir='ltr'>multo</span> <span class='ocrx_word' id='word_1_7' title='bbox 992 817 1137 901; x_wconf 87' lang='lat' dir='ltr'>saepius</span> <span class='ocrx_word' id='word_1_8' title='bbox 1175 836 1260 882; x_wconf 93' lang='lat' dir='ltr'>cum</span> <span class='ocrx_word' id='word_1_9' title='bbox 1292 814 1538 900; x_wconf 88' lang='lat' dir='ltr'>Caltiopianis</span> 
     </span>
     <span class='ocr_line' id='line_1_3' title="bbox 401 930 1539 1015; baseline 0 -20"><span class='ocrx_word' id='word_1_10' title='bbox 401 930 550 1015; x_wconf 88' lang='lat' dir='ltr'>reliquis</span> <span class='ocrx_word' id='word_1_11' title='bbox 575 931 815 1005; x_wconf 74' lang='lat' dir='ltr'>consentiant,</span> <span class='ocrx_word' id='word_1_12' title='bbox 844 932 946 998; x_wconf 87' lang='lat' dir='ltr'>aiunt</span> <span class='ocrx_word' id='word_1_13' title='bbox 971 951 1031 998; x_wconf 89' lang='lat' dir='ltr'>eos</span> <span class='ocrx_word' id='word_1_14' title='bbox 1064 933 1243 999; x_wconf 86' lang='lat' dir='ltr'>recentius</span> <span class='ocrx_word' id='word_1_15' title='bbox 1277 931 1467 1015; x_wconf 86' lang='lat' dir='ltr'>exemplar</span> <span class='ocrx_word' id='word_1_16' title='bbox 1498 935 1539 996; x_wconf 90' lang='lat' dir='ltr'>et</span> 
     </span>
     <span class='ocr_line' id='line_1_4' title="bbox 402 1045 1538 1134; baseline 0.002 -26"><span class='ocrx_word' id='word_1_17' title='bbox 402 1066 418 1109; x_wconf 83' lang='lat' dir='ltr'>u</span> <span class='ocrx_word' id='word_1_18' title='bbox 436 1045 675 1130; x_wconf 86' lang='lat' dir='ltr'>Calliopianae</span> <span class='ocrx_word' id='word_1_19' title='bbox 691 1048 912 1115; x_wconf 83' lang='lat' dir='ltr'>recensionis</span> <span class='ocrx_word' id='word_1_20' title='bbox 932 1069 946 1110; x_wconf 82' lang='lat' dir='ltr'>n</span> <span class='ocrx_word' id='word_1_21' title='bbox 965 1049 1080 1134; x_wconf 92' lang='lat' dir='ltr'>magis</span> <span class='ocrx_word' id='word_1_22' title='bbox 1096 1049 1215 1114; x_wconf 90' lang='lat' dir='ltr'>simile</span> <span class='ocrx_word' id='word_1_23' title='bbox 1231 1067 1341 1133; x_wconf 91' lang='lat' dir='ltr'>qnam</span> <span class='ocrx_word' id='word_1_24' title='bbox 1357 1046 1538 1113; x_wconf 89' lang='lat' dir='ltr'>Bembini</span> 
     </span>
     <span class='ocr_line' id='line_1_5' title="bbox 400 1161 1536 1231; baseline 0.001 -4"><span class='ocrx_word' id='word_1_25' title='bbox 400 1161 559 1229; x_wconf 87' lang='lat' dir='ltr'>imitatos</span> <span class='ocrx_word' id='word_1_26' title='bbox 570 1180 660 1229; x_wconf 90' lang='lat' dir='ltr'>esse.</span> <span class='ocrx_word' id='word_1_27' title='bbox 679 1162 746 1229; x_wconf 87' lang='lat' dir='ltr'>Sed</span> <span class='ocrx_word' id='word_1_28' title='bbox 761 1165 850 1229; x_wconf 89' lang='lat' dir='ltr'>dum</span> <span class='ocrx_word' id='word_1_29' title='bbox 863 1170 1028 1231; x_wconf 87' lang='lat' dir='ltr'>accurate</span> <span class='ocrx_word' id='word_1_30' title='bbox 1040 1171 1185 1231; x_wconf 84' lang='lat' dir='ltr'>etacute</span> <span class='ocrx_word' id='word_1_31' title='bbox 1201 1165 1385 1230; x_wconf 88' lang='lat' dir='ltr'>disserunt</span> <span class='ocrx_word' id='word_1_32' title='bbox 1396 1169 1536 1229; x_wconf 86' lang='lat' dir='ltr'>utrum</span> 
     </span>
     <span class='ocr_line' id='line_1_6' title="bbox 355 1276 1538 1372; baseline 0.002 -30"><span class='ocrx_word' id='word_1_33' title='bbox 355 1362 360 1372; x_wconf 89' lang='lat'>.</span> <span class='ocrx_word' id='word_1_34' title='bbox 403 1276 659 1362; x_wconf 87' lang='lat' dir='ltr'>Calliopianam</span> <span class='ocrx_word' id='word_1_35' title='bbox 686 1284 808 1347; x_wconf 87' lang='lat' dir='ltr'>notam</span> <span class='ocrx_word' id='word_1_36' title='bbox 835 1280 950 1366; x_wconf 91' lang='lat' dir='ltr'>magis</span> <span class='ocrx_word' id='word_1_37' title='bbox 974 1280 1188 1365; x_wconf 84' lang='lat' dir='ltr'>impressam</span> <span class='ocrx_word' id='word_1_38' title='bbox 1218 1279 1253 1345; x_wconf 95' lang='lat' dir='ltr'>in</span> <span class='ocrx_word' id='word_1_39' title='bbox 1280 1298 1317 1346; x_wconf 92' lang='lat' dir='ltr'>se</span> <span class='ocrx_word' id='word_1_40' title='bbox 1343 1278 1399 1344; x_wconf 87' lang='lat' dir='ltr'>DG</span> <span class='ocrx_word' id='word_1_41' title='bbox 1422 1296 1538 1362; x_wconf 88' lang='lat' dir='ltr'>prae-</span> 
     </span>
     <span class='ocr_line' id='line_1_7' title="bbox 401 1392 1536 1480; baseline 0 -20"><span class='ocrx_word' id='word_1_42' title='bbox 401 1394 516 1461; x_wconf 81' lang='lat' dir='ltr'>ierant</span> <span class='ocrx_word' id='word_1_43' title='bbox 541 1413 587 1460; x_wconf 87' lang='lat' dir='ltr'>an</span> <span class='ocrx_word' id='word_1_44' title='bbox 612 1392 675 1468; x_wconf 79' lang='lat' dir='ltr'>Cr,</span> <span class='ocrx_word' id='word_1_45' title='bbox 705 1414 777 1480; x_wconf 93' lang='lat' dir='ltr'>quo</span> <span class='ocrx_word' id='word_1_46' title='bbox 805 1401 909 1479; x_wconf 89' lang='lat' dir='ltr'>pacto</span> <span class='ocrx_word' id='word_1_47' title='bbox 939 1397 1040 1463; x_wconf 83' lang='lat' dir='ltr'>tieret</span> <span class='ocrx_word' id='word_1_48' title='bbox 1069 1403 1108 1462; x_wconf 90' lang='lat' dir='ltr'>ut</span> <span class='ocrx_word' id='word_1_49' title='bbox 1140 1395 1195 1462; x_wconf 88' lang='lat' dir='ltr'>DG</span> <span class='ocrx_word' id='word_1_50' title='bbox 1229 1414 1314 1462; x_wconf 89' lang='lat' dir='ltr'>cum</span> <span class='ocrx_word' id='word_1_51' title='bbox 1348 1393 1536 1460; x_wconf 89' lang='lat' dir='ltr'>Bembino</span> 
     </span>
     <span class='ocr_line' id='line_1_8' title="bbox 400 1509 1534 1594; baseline -0.003 -17"><span class='ocrx_word' id='word_1_52' title='bbox 400 1509 636 1594; x_wconf 80' lang='lat' dir='ltr'>conspicuam</span> <span class='ocrx_word' id='word_1_53' title='bbox 653 1510 932 1578; x_wconf 78' lang='lat' dir='ltr'>similitudinem</span> <span class='ocrx_word' id='word_1_54' title='bbox 945 1512 1130 1589; x_wconf 86' lang='lat' dir='ltr'>haberent,</span> <span class='ocrx_word' id='word_1_55' title='bbox 1145 1511 1179 1577; x_wconf 93' lang='lat' dir='ltr'>id</span> <span class='ocrx_word' id='word_1_56' title='bbox 1197 1511 1392 1594; x_wconf 86' lang='lat' dir='ltr'>inquirere,</span> <span class='ocrx_word' id='word_1_57' title='bbox 1404 1527 1534 1594; x_wconf 90' lang='lat' dir='ltr'>quan-</span> 
     </span>
     <span class='ocr_line' id='line_1_9' title="bbox 401 1625 1533 1713; baseline -0.001 -22"><span class='ocrx_word' id='word_1_58' title='bbox 401 1644 510 1711; x_wconf 92' lang='lat' dir='ltr'>quam</span> <span class='ocrx_word' id='word_1_59' title='bbox 541 1627 661 1713; x_wconf 88' lang='lat' dir='ltr'>magni</span> <span class='ocrx_word' id='word_1_60' title='bbox 693 1627 867 1693; x_wconf 87' lang='lat' dir='ltr'>momenti</span> <span class='ocrx_word' id='word_1_61' title='bbox 898 1634 985 1706; x_wconf 80' lang='lat' dir='ltr'>erat,</span> <span class='ocrx_word' id='word_1_62' title='bbox 1018 1629 1075 1694; x_wconf 90' lang='lat' dir='ltr'>uei</span> <span class='ocrx_word' id='word_1_63' title='bbox 1107 1626 1429 1712; x_wconf 86' lang='lat' dir='ltr'>praetermiserunt</span> <span class='ocrx_word' id='word_1_64' title='bbox 1467 1625 1533 1691; x_wconf 90' lang='lat' dir='ltr'>uei</span> 
     </span>
     <span class='ocr_line' id='line_1_10' title="bbox 401 1742 1534 1829; baseline -0.001 -21"><span class='ocrx_word' id='word_1_65' title='bbox 401 1743 620 1808; x_wconf 88' lang='lat' dir='ltr'>abnuerunt.</span> <span class='ocrx_word' id='word_1_66' title='bbox 635 1742 732 1809; x_wconf 95' lang='lat' dir='ltr'>Hanc</span> <span class='ocrx_word' id='word_1_67' title='bbox 749 1749 870 1809; x_wconf 87' lang='lat' dir='ltr'>tamen</span> <span class='ocrx_word' id='word_1_68' title='bbox 890 1744 1147 1829; x_wconf 88' lang='lat' dir='ltr'>grauissimam</span> <span class='ocrx_word' id='word_1_69' title='bbox 1160 1743 1408 1828; x_wconf 92' lang='lat' dir='ltr'>quaestionem</span> <span class='ocrx_word' id='word_1_70' title='bbox 1425 1759 1534 1827; x_wconf 83' lang='lat' dir='ltr'>unus</span> 
     </span>
     <span class='ocr_line' id='line_1_11' title="bbox 402 1855 1533 1944; baseline -0.001 -21"><span class='ocrx_word' id='word_1_71' title='bbox 402 1857 600 1925; x_wconf 89' lang='lat' dir='ltr'>Prinzhorn</span> <span class='ocrx_word' id='word_1_72' title='bbox 624 1876 818 1944; x_wconf 85' lang='lat' dir='ltr'>aggressus</span> <span class='ocrx_word' id='word_1_73' title='bbox 847 1864 912 1938; x_wconf 88' lang='lat' dir='ltr'>cst,</span> <span class='ocrx_word' id='word_1_74' title='bbox 940 1859 1002 1943; x_wconf 94' lang='lat' dir='ltr'>qui</span> <span class='ocrx_word' id='word_1_75' title='bbox 1026 1859 1093 1926; x_wconf 91' lang='lat' dir='ltr'>sibi</span> <span class='ocrx_word' id='word_1_76' title='bbox 1126 1858 1304 1943; x_wconf 88' lang='lat' dir='ltr'>persuasit</span> <span class='ocrx_word' id='word_1_77' title='bbox 1330 1857 1441 1923; x_wconf 89' lang='lat' dir='ltr'>libros</span> <span class='ocrx_word' id='word_1_78' title='bbox 1470 1855 1533 1922; x_wconf 91' lang='lat' dir='ltr'>DG</span> 
     </span>
     <span class='ocr_line' id='line_1_12' title="bbox 402 1971 1531 2058; baseline -0.001 -21"><span class='ocrx_word' id='word_1_79' title='bbox 402 1991 474 2039; x_wconf 95' lang='lat' dir='ltr'>non</span> <span class='ocrx_word' id='word_1_80' title='bbox 489 1973 557 2038; x_wconf 89' lang='lat' dir='ltr'>alia</span> <span class='ocrx_word' id='word_1_81' title='bbox 572 1973 710 2058; x_wconf 90' lang='lat' dir='ltr'>origine</span> <span class='ocrx_word' id='word_1_82' title='bbox 724 1991 802 2040; x_wconf 87' lang='lat' dir='ltr'>csse</span> <span class='ocrx_word' id='word_1_83' title='bbox 815 1980 923 2057; x_wconf 84' lang='lat' dir='ltr'>atque</span> <span class='ocrx_word' id='word_1_84' title='bbox 939 1972 1001 2044; x_wconf 84' lang='lat' dir='ltr'>GP.</span> <span class='ocrx_word' id='word_1_85' title='bbox 1016 1975 1077 2041; x_wconf 86' lang='lat' dir='ltr'>sed</span> <span class='ocrx_word' id='word_1_86' title='bbox 1097 1993 1139 2040; x_wconf 88' lang='lat' dir='ltr'>ex</span> <span class='ocrx_word' id='word_1_87' title='bbox 1157 1974 1261 2048; x_wconf 76' lang='lat' dir='ltr'>libro,</span> <span class='ocrx_word' id='word_1_88' title='bbox 1280 1972 1341 2057; x_wconf 94' lang='lat' dir='ltr'>qui</span> <span class='ocrx_word' id='word_1_89' title='bbox 1357 1971 1531 2037; x_wconf 89' lang='lat' dir='ltr'>Bembini</span> 
     </span>
     <span class='ocr_line' id='line_1_13' title="bbox 400 2086 1532 2175; baseline -0.001 -21"><span class='ocrx_word' id='word_1_90' title='bbox 400 2089 578 2175; x_wconf 86' lang='lat' dir='ltr'>gemelius</span> <span class='ocrx_word' id='word_1_91' title='bbox 608 2095 713 2163; x_wconf 84' lang='lat' dir='ltr'>esset,</span> <span class='ocrx_word' id='word_1_92' title='bbox 742 2090 850 2156; x_wconf 88' lang='lat' dir='ltr'>ambo</span> <span class='ocrx_word' id='word_1_93' title='bbox 873 2095 1083 2156; x_wconf 87' lang='lat' dir='ltr'>retractatos</span> <span class='ocrx_word' id='word_1_94' title='bbox 1115 2108 1205 2156; x_wconf 86' lang='lat' dir='ltr'>esse.</span> <span class='ocrx_word' id='word_1_95' title='bbox 1233 2091 1277 2155; x_wconf 85' lang='lat' dir='ltr'>At</span> <span class='ocrx_word' id='word_1_96' title='bbox 1307 2087 1357 2154; x_wconf 88' lang='lat' dir='ltr'>iili</span> <span class='ocrx_word' id='word_1_97' title='bbox 1391 2086 1532 2170; x_wconf 91' lang='lat' dir='ltr'>aliquis</span> 
     </span>
     <span class='ocr_line' id='line_1_14' title="bbox 401 2192 1531 2290; baseline -0.001 -20"><span class='ocrx_word' id='word_1_98' title='bbox 401 2204 480 2271; x_wconf 90' lang='lat' dir='ltr'>iure</span> <span class='ocrx_word' id='word_1_99' title='bbox 507 2205 637 2272; x_wconf 88' lang='lat' dir='ltr'>obiciat</span> <span class='ocrx_word' id='word_1_100' title='bbox 661 2205 820 2289; x_wconf 93' lang='lat' dir='ltr'>primum</span> <span class='ocrx_word' id='word_1_101' title='bbox 851 2225 978 2290; x_wconf 88' lang='lat' dir='ltr'>parum</span> <span class='ocrx_word' id='word_1_102' title='bbox 1005 2192 1204 2273; x_wconf 78' lang='lat' dir='ltr'>uerisimile</span> <span class='ocrx_word' id='word_1_103' title='bbox 1226 2222 1304 2272; x_wconf 90' lang='lat' dir='ltr'>esse</span> <span class='ocrx_word' id='word_1_104' title='bbox 1329 2202 1531 2270; x_wconf 87' lang='lat' dir='ltr'>Victoriani</span> 
     </span>
     <span class='ocr_line' id='line_1_15' title="bbox 402 2318 1531 2406; baseline -0.001 -20"><span class='ocrx_word' id='word_1_105' title='bbox 402 2320 656 2405; x_wconf 85' lang='lat' dir='ltr'>Decurtatique</span> <span class='ocrx_word' id='word_1_106' title='bbox 676 2321 928 2406; x_wconf 83' lang='lat' dir='ltr'>archetypum,</span> <span class='ocrx_word' id='word_1_107' title='bbox 951 2340 1035 2388; x_wconf 86' lang='lat' dir='ltr'>oum</span> <span class='ocrx_word' id='word_1_108' title='bbox 1056 2323 1101 2387; x_wconf 87' lang='lat' dir='ltr'>ab</span> <span class='ocrx_word' id='word_1_109' title='bbox 1116 2319 1316 2404; x_wconf 89' lang='lat' dir='ltr'>exemplari</span> <span class='ocrx_word' id='word_1_110' title='bbox 1331 2318 1531 2385; x_wconf 91' lang='lat' dir='ltr'>emendato</span> 
     </span>
     <span class='ocr_line' id='line_1_16' title="bbox 402 2436 1531 2521; baseline -0.004 -19"><span class='ocrx_word' id='word_1_111' title='bbox 402 2437 459 2502; x_wconf 88' lang='lat' dir='ltr'>uei</span> <span class='ocrx_word' id='word_1_112' title='bbox 488 2436 608 2521; x_wconf 87' lang='lat' dir='ltr'>potius</span> <span class='ocrx_word' id='word_1_113' title='bbox 631 2436 733 2520; x_wconf 92' lang='lat' dir='ltr'>quasi</span> <span class='ocrx_word' id='word_1_114' title='bbox 763 2437 894 2504; x_wconf 78' lang='lat' dir='ltr'>refecto</span> <span class='ocrx_word' id='word_1_115' title='bbox 921 2437 1120 2521; x_wconf 87' lang='lat' dir='ltr'>proiectum</span> <span class='ocrx_word' id='word_1_116' title='bbox 1145 2437 1202 2511; x_wconf 85' lang='lat' dir='ltr'>sit,</span> <span class='ocrx_word' id='word_1_117' title='bbox 1230 2436 1351 2521; x_wconf 91' lang='lat' dir='ltr'>ipsum</span> <span class='ocrx_word' id='word_1_118' title='bbox 1378 2452 1531 2518; x_wconf 88' lang='lat' dir='ltr'>quoque</span> 
     </span>
     <span class='ocr_line' id='line_1_17' title="bbox 402 2550 1530 2636; baseline -0.004 -16"><span class='ocrx_word' id='word_1_119' title='bbox 402 2571 505 2620; x_wconf 92' lang='lat' dir='ltr'>suam</span> <span class='ocrx_word' id='word_1_120' title='bbox 524 2570 671 2636; x_wconf 86' lang='lat' dir='ltr'>passum</span> <span class='ocrx_word' id='word_1_121' title='bbox 688 2569 766 2619; x_wconf 86' lang='lat' dir='ltr'>esse</span> <span class='ocrx_word' id='word_1_122' title='bbox 783 2554 1072 2620; x_wconf 88' lang='lat' dir='ltr'>retractationem</span> <span class='ocrx_word' id='word_1_123' title='bbox 1086 2574 1093 2631; x_wconf 93' lang='lat'>;</span> <span class='ocrx_word' id='word_1_124' title='bbox 1109 2553 1239 2619; x_wconf 81' lang='lat' dir='ltr'>deinde</span> <span class='ocrx_word' id='word_1_125' title='bbox 1259 2552 1370 2618; x_wconf 82' lang='lat' dir='ltr'>libros</span> <span class='ocrx_word' id='word_1_126' title='bbox 1390 2550 1530 2634; x_wconf 88' lang='lat' dir='ltr'>quouis</span> 
     </span>
     <span class='ocr_line' id='line_1_18' title="bbox 403 2651 1526 2752; baseline 0 -19"><span class='ocrx_word' id='word_1_127' title='bbox 403 2669 479 2736; x_wconf 91' lang='lat' dir='ltr'>toco</span> <span class='ocrx_word' id='word_1_128' title='bbox 527 2673 629 2734; x_wconf 88' lang='lat' dir='ltr'>natos</span> <span class='ocrx_word' id='word_1_129' title='bbox 676 2666 890 2752; x_wconf 85' lang='lat' dir='ltr'>Calliopium</span> <span class='ocrx_word' id='word_1_130' title='bbox 939 2687 1126 2735; x_wconf 88' lang='lat' dir='ltr'>recensere</span> <span class='ocrx_word' id='word_1_131' title='bbox 1180 2651 1353 2752; x_wconf 82' lang='lat' dir='ltr'>potuisse,</span> <span class='ocrx_word' id='word_1_132' title='bbox 1402 2683 1526 2749; x_wconf 87' lang='lat' dir='ltr'>neque</span> 
     </span>
     <span class='ocr_line' id='line_1_19' title="bbox 402 2775 1526 2870; baseline -0.002 -20"><span class='ocrx_word' id='word_1_133' title='bbox 402 2775 598 2870; x_wconf 88' lang='lat' dir='ltr'>quicquam</span> <span class='ocrx_word' id='word_1_134' title='bbox 629 2784 771 2851; x_wconf 88' lang='lat' dir='ltr'>obstare</span> <span class='ocrx_word' id='word_1_135' title='bbox 800 2784 889 2869; x_wconf 96' lang='lat' dir='ltr'>quin</span> <span class='ocrx_word' id='word_1_136' title='bbox 921 2785 950 2851; x_wconf 91' lang='lat' dir='ltr'>is</span> <span class='ocrx_word' id='word_1_137' title='bbox 980 2785 1112 2851; x_wconf 86' lang='lat' dir='ltr'>librum</span> <span class='ocrx_word' id='word_1_138' title='bbox 1138 2783 1296 2868; x_wconf 88' lang='lat' dir='ltr'>aliquem</span> <span class='ocrx_word' id='word_1_139' title='bbox 1323 2801 1366 2859; x_wconf 77' lang='lat' dir='ltr'>en</span> <span class='ocrx_word' id='word_1_140' title='bbox 1395 2780 1526 2848; x_wconf 84' lang='lat' dir='ltr'>eadem</span> 
     </span>
     <span class='ocr_line' id='line_1_20' title="bbox 402 2897 1527 2984; baseline -0.005 -16"><span class='ocrx_word' id='word_1_141' title='bbox 402 2900 514 2984; x_wconf 89' lang='lat' dir='ltr'>stirpe</span> <span class='ocrx_word' id='word_1_142' title='bbox 538 2905 658 2966; x_wconf 88' lang='lat' dir='ltr'>ortum</span> <span class='ocrx_word' id='word_1_143' title='bbox 688 2919 759 2984; x_wconf 92' lang='lat' dir='ltr'>qua</span> <span class='ocrx_word' id='word_1_144' title='bbox 787 2900 983 2967; x_wconf 89' lang='lat' dir='ltr'>Bembinus</span> <span class='ocrx_word' id='word_1_145' title='bbox 1009 2900 1267 2967; x_wconf 85' lang='lat' dir='ltr'>emendauerit.</span> <span class='ocrx_word' id='word_1_146' title='bbox 1293 2898 1407 2979; x_wconf 79' lang='lat' dir='ltr'>Quare</span> <span class='ocrx_word' id='word_1_147' title='bbox 1432 2897 1527 2963; x_wconf 88' lang='lat' dir='ltr'>mihi</span> 
     </span>
     <span class='ocr_line' id='line_1_21' title="bbox 402 3015 1527 3101; baseline -0.003 -19"><span class='ocrx_word' id='word_1_148' title='bbox 402 3017 549 3101; x_wconf 81' lang='lat' dir='ltr'>quidem</span> <span class='ocrx_word' id='word_1_149' title='bbox 568 3015 692 3082; x_wconf 87' lang='lat' dir='ltr'>uideor</span> <span class='ocrx_word' id='word_1_150' title='bbox 705 3016 742 3081; x_wconf 95' lang='lat' dir='ltr'>in</span> <span class='ocrx_word' id='word_1_151' title='bbox 754 3016 998 3100; x_wconf 89' lang='lat' dir='ltr'>suspicionem</span> <span class='ocrx_word' id='word_1_152' title='bbox 1013 3016 1223 3083; x_wconf 89' lang='lat' dir='ltr'>temeritatis</span> <span class='ocrx_word' id='word_1_153' title='bbox 1240 3015 1527 3097; x_wconf 83' lang='lat' dir='ltr'>haudquaquam</span> 
     </span>
     <span class='ocr_line' id='line_1_22' title="bbox 404 3129 1528 3199; baseline -0.002 -3"><span class='ocrx_word' id='word_1_154' title='bbox 404 3132 527 3198; x_wconf 90' lang='lat' dir='ltr'>uenire</span> <span class='ocrx_word' id='word_1_155' title='bbox 550 3132 639 3197; x_wconf 91' lang='lat' dir='ltr'>dum</span> <span class='ocrx_word' id='word_1_156' title='bbox 659 3132 798 3199; x_wconf 88' lang='lat' dir='ltr'>conicio</span> <span class='ocrx_word' id='word_1_157' title='bbox 816 3132 872 3198; x_wconf 88' lang='lat' dir='ltr'>DG</span> <span class='ocrx_word' id='word_1_158' title='bbox 892 3132 1055 3199; x_wconf 88' lang='lat' dir='ltr'>eiusdem</span> <span class='ocrx_word' id='word_1_159' title='bbox 1077 3133 1208 3198; x_wconf 87' lang='lat' dir='ltr'>domus</span> <span class='ocrx_word' id='word_1_160' title='bbox 1227 3149 1396 3196; x_wconf 89' lang='lat' dir='ltr'>unacum</span> <span class='ocrx_word' id='word_1_161' title='bbox 1419 3129 1528 3194; x_wconf 91' lang='lat' dir='ltr'>Bem-</span> 
     </span>
     <span class='ocr_line' id='line_1_23' title="bbox 404 3245 1529 3332; baseline 0 -18"><span class='ocrx_word' id='word_1_162' title='bbox 404 3248 487 3315; x_wconf 87' lang='lat' dir='ltr'>bino</span> <span class='ocrx_word' id='word_1_163' title='bbox 504 3254 642 3332; x_wconf 87' lang='lat' dir='ltr'>partem</span> <span class='ocrx_word' id='word_1_164' title='bbox 660 3266 749 3314; x_wconf 88' lang='lat' dir='ltr'>esse.</span> <span class='ocrx_word' id='word_1_165' title='bbox 764 3248 1083 3332; x_wconf 85' lang='lat' dir='ltr'>Quanquan1‚siue</span> <span class='ocrx_word' id='word_1_166' title='bbox 1100 3248 1155 3314; x_wconf 89' lang='lat' dir='ltr'>DG</span> <span class='ocrx_word' id='word_1_167' title='bbox 1177 3266 1219 3313; x_wconf 89' lang='lat' dir='ltr'>ex</span> <span class='ocrx_word' id='word_1_168' title='bbox 1236 3245 1399 3313; x_wconf 90' lang='lat' dir='ltr'>Bembini</span> <span class='ocrx_word' id='word_1_169' title='bbox 1414 3245 1529 3314; x_wconf 79' lang='lat' dir='ltr'>fratrc</span> 
     </span>
     <span class='ocr_line' id='line_1_24' title="bbox 403 3361 1526 3448; baseline 0 -19"><span class='ocrx_word' id='word_1_170' title='bbox 403 3363 581 3431; x_wconf 87' lang='lat' dir='ltr'>retractati</span> <span class='ocrx_word' id='word_1_171' title='bbox 599 3371 697 3437; x_wconf 75' lang='lat' dir='ltr'>sunt,</span> <span class='ocrx_word' id='word_1_172' title='bbox 720 3364 797 3431; x_wconf 90' lang='lat' dir='ltr'>siue</span> <span class='ocrx_word' id='word_1_173' title='bbox 818 3364 885 3448; x_wconf 95' lang='lat' dir='ltr'>ipsi</span> <span class='ocrx_word' id='word_1_174' title='bbox 908 3383 946 3430; x_wconf 90' lang='lat' dir='ltr'>re</span> <span class='ocrx_word' id='word_1_175' title='bbox 967 3383 1052 3431; x_wconf 92' lang='lat' dir='ltr'>uera</span> <span class='ocrx_word' id='word_1_176' title='bbox 1073 3364 1246 3430; x_wconf 91' lang='lat' dir='ltr'>Bembino</span> <span class='ocrx_word' id='word_1_177' title='bbox 1261 3361 1403 3448; x_wconf 84' lang='lat' dir='ltr'>cognati</span> <span class='ocrx_word' id='word_1_178' title='bbox 1423 3368 1526 3442; x_wconf 90' lang='lat' dir='ltr'>sunt,</span> 
     </span>
     <span class='ocr_line' id='line_1_25' title="bbox 401 3479 1532 3567; baseline -0.001 -22"><span class='ocrx_word' id='word_1_179' title='bbox 401 3479 488 3565; x_wconf 84' lang='lat' dir='ltr'>quid</span> <span class='ocrx_word' id='word_1_180' title='bbox 505 3479 699 3567; x_wconf 86' lang='lat' dir='ltr'>auctoritas</span> <span class='ocrx_word' id='word_1_181' title='bbox 720 3480 913 3547; x_wconf 88' lang='lat' dir='ltr'>Bembinae</span> <span class='ocrx_word' id='word_1_182' title='bbox 928 3480 1045 3566; x_wconf 87' lang='lat' dir='ltr'>gentis</span> <span class='ocrx_word' id='word_1_183' title='bbox 1061 3480 1179 3546; x_wconf 87' lang='lat' dir='ltr'>ualeat</span> <span class='ocrx_word' id='word_1_184' title='bbox 1193 3479 1382 3562; x_wconf 88' lang='lat' dir='ltr'>concipere</span> <span class='ocrx_word' id='word_1_185' title='bbox 1398 3495 1532 3561; x_wconf 91' lang='lat' dir='ltr'>possu-</span> 
     </span>
     <span class='ocr_line' id='line_1_26' title="bbox 403 3593 1532 3681; baseline 0.001 -20"><span class='ocrx_word' id='word_1_186' title='bbox 403 3614 486 3662; x_wconf 89' lang='lat' dir='ltr'>mus</span> <span class='ocrx_word' id='word_1_187' title='bbox 499 3595 1166 3681; x_wconf 80' lang='lat' dir='ltr'>iibrosADchmCPFEcomparando</span> <span class='ocrx_word' id='word_1_188' title='bbox 1179 3615 1186 3661; x_wconf 80' lang='lat' dir='ltr'><em>z</em></span> <span class='ocrx_word' id='word_1_189' title='bbox 1200 3613 1292 3679; x_wconf 90' lang='lat' dir='ltr'>qnae</span> <span class='ocrx_word' id='word_1_190' title='bbox 1303 3593 1532 3676; x_wconf 86' lang='lat' dir='ltr'>comparatio</span> 
     </span>
     <span class='ocr_line' id='line_1_27' title="bbox 402 3708 1533 3795; baseline -0.001 -17"><span class='ocrx_word' id='word_1_191' title='bbox 402 3711 469 3778; x_wconf 90' lang='lat' dir='ltr'>erit</span> <span class='ocrx_word' id='word_1_192' title='bbox 490 3711 652 3777; x_wconf 85' lang='lat' dir='ltr'>instituta</span> <span class='ocrx_word' id='word_1_193' title='bbox 668 3711 827 3795; x_wconf 93' lang='lat' dir='ltr'>primum</span> <span class='ocrx_word' id='word_1_194' title='bbox 839 3713 883 3777; x_wconf 84' lang='lat' dir='ltr'>de</span> <span class='ocrx_word' id='word_1_195' title='bbox 896 3713 1155 3779; x_wconf 78' lang='lat' dir='ltr'>uocabulorum</span> <span class='ocrx_word' id='word_1_196' title='bbox 1171 3711 1383 3784; x_wconf 74' lang='lat' dir='ltr'>adiectione,</span> <span class='ocrx_word' id='word_1_197' title='bbox 1395 3708 1533 3777; x_wconf 90' lang='lat' dir='ltr'>deinde</span> 
     </span>
     <span class='ocr_line' id='line_1_28' title="bbox 402 3826 1533 3910; baseline 0.001 -17"><span class='ocrx_word' id='word_1_198' title='bbox 402 3828 446 3894; x_wconf 80' lang='lat' dir='ltr'>de</span> <span class='ocrx_word' id='word_1_199' title='bbox 483 3827 692 3904; x_wconf 83' lang='lat' dir='ltr'>omissione,</span> <span class='ocrx_word' id='word_1_200' title='bbox 730 3833 806 3893; x_wconf 87' lang='lat' dir='ltr'>tum</span> <span class='ocrx_word' id='word_1_201' title='bbox 842 3829 885 3894; x_wconf 88' lang='lat' dir='ltr'>de</span> <span class='ocrx_word' id='word_1_202' title='bbox 924 3828 1238 3902; x_wconf 80' lang='lat' dir='ltr'>transmutatione,</span> <span class='ocrx_word' id='word_1_203' title='bbox 1269 3830 1453 3910; x_wconf 90' lang='lat' dir='ltr'>postremo</span> <span class='ocrx_word' id='word_1_204' title='bbox 1482 3826 1533 3894; x_wconf 91' lang='lat' dir='ltr'>de</span> 
     </span>
     <span class='ocr_line' id='line_1_29' title="bbox 403 3941 667 4008; baseline -0.004 0"><span class='ocrx_word' id='word_1_205' title='bbox 403 3941 667 4008; x_wconf 78' lang='lat' dir='ltr'>immutatione,</span> 
     </span>
    </p>
   </div>
   <div class='ocr_carea' id='block_1_3' title="bbox 0 0 1684 5656">
    <p class='ocr_par' dir='ltr' id='par_1_3' title="bbox 0 0 1684 5656">
     <span class='ocr_line' id='line_1_30' title="bbox 0 0 1684 5656; baseline 0 0"><span class='ocrx_word' id='word_1_206' title='bbox 0 0 1684 5656; x_wconf 95' lang='lat' dir='ltr'> </span> 
     </span>
    </p>
   </div>
  </div>
 </body>
</html>
