3360 5656
764 631 918 694 ..250„

280 820 343 900 Qui
368 817 410 885 ob
437 816 494 885 tito
519 839 582 904 pro
607 817 650 885 ob
675 818 747 904 ipso
768 821 988 898 maluerunt,
1011 819 1099 887 nihil
1120 820 1220 889 aiiud
1239 821 1411 889 adsecuti

280 935 369 1002 mihi
390 936 562 1003 uidentur
582 955 691 1019 quam
707 944 745 1002 ut
764 936 917 1002 Terentii
938 942 972 1004 et
987 935 1187 1004 orationem
1209 938 1411 1025 perturba·

278 1055 359 1117 rent
378 1057 411 1118 et
432 1053 647 1119 sententiam
665 1052 913 1120 obscurarent.
929 1050 1017 1117 Nam
1034 1071 1117 1120 cum
1131 1047 1187 1116 iiie
1201 1051 1247 1118 ad
1265 1072 1282 1116 o
1297 1058 1408 1124 uetus

279 1171 381 1250 poeta
400 1187 416 1229 n
430 1170 480 1247 (u.
493 1167 549 1248 ¹3)
565 1167 745 1252 respiciat,
759 1163 860 1246 honr,
877 1163 930 1232 hic
945 1167 990 1232 ad
1008 1166 1230 1242 Terentium.
1241 1186 1408 1253 cumque

278 1299 408 1349 uersus
429 1282 472 1349 20
491 1279 690 1361 Benedictis,
714 1288 795 1361 etc,
819 1282 1044 1349 hauddubie
1067 1283 1112 1349 de
1131 1282 1258 1349 eodem
1281 1261 1408 1350 uetere

277 1397 547 1479 paeteritorum,
566 1398 652 1482 quid
668 1404 726 1465 est·
741 1415 871 1464 causae
890 1415 956 1464 cnr
977 1414 1176 1482 pronomen
1191 1393 1261 1476 itte,
1280 1396 1319 1465 in
1336 1398 1407 1465 hoc

278 1529 388 1578 uersu
404 1514 585 1592 deficiens,
609 1513 691 1598 quia
713 1531 799 1578 sane
824 1513 925 1579 nulio
947 1518 1049 1598 pacto
1071 1507 1316 1582 necessarium
1335 1518 1404 1600 est,

277 1628 465 1696 restituere
481 1629 518 1695 in
534 1634 745 1713 sequentem
761 1626 951 1712 oporteat?
966 1628 1150 1696 Praeterea
1165 1629 1405 1714 perspicuum

275 1739 407 1811 ostilio
432 1745 625 1829 adsumpto
650 1743 866 1811 sententiam
893 1744 1074 1823 laborare;
1102 1763 1187 1811 nam
1207 1744 1405 1814 manifesto

275 1847 462 1926 Terentius
492 1858 710 1954 significauit
743 1877 783 1946 se
814 1865 973 1926 ueterem
1008 1865 1148 1943 poetam
1181 1877 1253 1926 non
1287 1859 1404 1927 inisse

275 1970 543 2051 lacessitnrnm
575 1975 611 2039 ni
642 1974 702 2040 iiie
733 1973 830 2058 prior
854 1973 898 2040 ad
927 1975 1036 2040 uerba
1067 1973 1330 2042 contumeliosa
1363 1993 1402 2040 se

275 2090 499 2170 contulisset,
541 2106 658 2174 neque
691 2090 778 2155 adeo
808 2090 911 2155 iilum
944 2089 979 2155 id
1007 2089 1109 2173 queri
1138 2089 1268 2182 dehere
1301 2090 1402 2174 quod

276 2222 341 2272 sun
362 2204 398 2270 in
428 2222 465 2272 se
486 2203 605 2290 ipsum
628 2205 896 2283 redundarent3
929 2205 1024 2271 uude
1054 2204 1219 2290 sequitur
1239 2209 1290 2285 ut,
1314 2205 1404 2289 quia

275 2316 340 2386 stit
356 2320 392 2386 in
408 2326 506 2406 parte
519 2320 715 2405 posteriore
732 2339 861 2387 uersus
879 2319 1038 2403 positum
1053 2320 1111 2399 sit,
1129 2319 1166 2387 in
1187 2319 1308 2404 priore
1322 2317 1400 2405 ipso

277 2452 341 2519 pro
360 2432 420 2502 itio
445 2436 491 2503 sit
511 2436 773 2520 reponendum.
801 2435 899 2516 Quod
926 2435 1067 2503 efficere
1089 2453 1161 2501 non
1186 2435 1344 2514 dubites,
1370 2437 1401 2502 si

275 2551 446 2634 respicias
471 2552 516 2617 ad
540 2569 668 2617 uersus
693 2550 889 2634 proximos,
918 2550 959 2617 22
984 2556 1018 2617 et
1038 2549 1093 2628 23,
1116 2550 1190 2629 ubi,
1218 2552 1398 2621 sententia

271 2660 399 2733 'eadem
434 2667 513 2734 aiiis
542 2666 690 2754 quidem
706 2665 827 2732 uerbis
843 2685 1025 2750 expressa,
1049 2667 1264 2751 pronomina
1284 2663 1399 2736 ilicet

272 2780 343 2867 ipre
358 2783 426 2851 sibi
447 2783 678 2868 respondent,
697 2783 822 2849 itidem
838 2788 875 2848 ut
896 2782 932 2848 in
947 2782 1199 2868 superioribus
1220 2783 1401 2868 ,uersibus

273 2899 369 2983 apud
385 2898 622 2984 Caiiiopianos
642 2895 751 2965 ilicet
774 2895 859 2981 ipso.

317 3128 387 3196 61.
407 3130 539 3196 Deinde
559 3128 596 3195 in
612 3146 723 3197 uersu
744 3127 808 3194 315
841 3131 939 3194 itone
972 3125 1083 3211 putris
1117 3135 1170 3194 ou
1202 3124 1400 3197 aduentum

275 3245 621 3331 (conspectnmCaii.)
651 3241 803 3310 neritum
833 3241 912 3309 tino
945 3240 1109 3320 obiisset,
1141 3243 1399 3328 impmprietas

274 3362 374 3429 uerbi
391 3358 581 3428 aduentum
599 3361 655 3427 uei
677 3360 835 3426 maxime
856 3360 1012 3426 notanda
1028 3366 1093 3426 cst.
1117 3359 1205 3426 Nam
1228 3379 1300 3444 quo
1317 3380 1399 3428 res-

274 3476 358 3563 picit
373 3473 494 3543 obiinc
509 3475 528 3543 ‘i
544 3495 634 3543 num
654 3476 820 3542 abeundo
837 3472 995 3560 Antipho
1007 3473 1173 3560 sperabat
1191 3492 1230 3543 se
1244 3473 1399 3543 eiiectu-

273 3612 355 3660 rnm
376 3598 416 3660 nt
432 3595 532 3676 pater
547 3610 619 3657 non
636 3588 852 3657 adueniret?
871 3588 961 3656 Tum
978 3590 1040 3675 qui
1068 3593 1207 3675 poterat
1235 3588 1397 3676 Antipho

273 3707 383 3794 patris
403 3708 602 3775 aduentum
624 3706 752 3778 uereri,
778 3706 852 3791 qni,
876 3725 961 3773 cum
996 3705 1095 3785 abiit,
1124 3706 1231 3773 sciret
1253 3713 1395 3791 patrem

272 3824 343 3890 iam
360 3823 551 3889 aduenisse
570 3820 589 3887 i>
609 3822 680 3888 Cur
694 3822 796 3908 fugit,
820 3822 890 3888 nisi
910 3822 1006 3906 quia.
1027 3827 1066 3888 nt
1093 3821 1243 3889 timidus
1268 3821 1393 3905 homo,

273 3958 336 4025 pro
351 3945 449 4006 certo
465 3936 620 4004 habebat
639 3935 713 4004 iore
725 3943 764 4004 ut
781 3938 892 4021 patris
931 3937 1012 4003 irati
1039 3937 1184 4004 auitum
1208 3935 1396 4023 uerbaque

271 4073 343 4121 non
360 4055 566 4132 sustineret,
602 4057 710 4138 atque
739 4071 844 4120 snam
877 4070 1025 4119 causam
1051 4051 1231 4119 desereret
1263 4051 1321 4136 (ci.
1355 4074 1392 4120 u.

271 4170 447 4252 216-218).
466 4169 556 4255 Ergo
577 4187 621 4235 ne
637 4168 845 4235 dubitemus
862 4174 1072 4252 coro-spectum
1099 4166 1269 4254 recipere,
1302 4173 1337 4235 et
1353 4189 1395 4237 eo

272 4286 454 4364 libentiae,
478 4285 574 4370 quod
595 4285 738 4351 numeri
751 4284 861 4351 simul
878 4302 949 4352 una
975 4302 1060 4349 cum
1085 4283 1261 4351 sententia
1289 4303 1393 4367 repa-

271 4407 409 4477 rantur,
431 4419 515 4467 cnm
536 4400 574 4467 iu
594 4418 684 4467 uoee
699 4397 750 4466 ott
769 4416 842 4466 non
858 4399 929 4466 iam
965 4417 1111 4467 necesse
1146 4400 1191 4469 sit
1219 4399 1391 4469 nltimam
