3360 5656
757 635 916 697 ..65-

276 820 346 883 oto.
392 823 469 901 ligo,
487 824 609 901 inquit,
625 823 693 883 iam
711 822 783 896 (om.
802 823 841 898 Al
857 841 874 883 a
890 821 1058 900 principio
1074 821 1174 882 amici
1190 820 1295 882 filiam

276 919 344 981 808.
391 921 430 980 Vt
457 921 592 999 propior
607 920 670 992 illi,
694 936 971 1000 quamego‘snm
997 935 1035 979 ac
1054 925 1103 990 tu,
1127 919 1228 979 homo
1252 918 1326 995 (ola.
1357 918 1396 992 Α)

818 1017 932 1095 [nemo
947 1022 1007 1078 est.
1024 1049 1062 1058 -
1079 1016 1117 1077 Di
1132 1023 1280 1077 nostram
1297 1015 1397 1077 iidem

277 1114 346 1176 818.
390 1115 461 1189 Quo
475 1122 570 1194 pacto
593 1116 627 1176 id
651 1114 724 1191 (om.
742 1116 781 1190 At
797 1115 981 1194 potuitt—
999 1114 1071 1175 Non
1085 1115 1165 1175 satis
1181 1120 1275 1176 tutus
1290 1114 1393 1176 estad

1001 1211 1222 1290 [narrandum
1239 1212 1399 1274 hiclocus

276 1374 362 1423 cum
391 1355 621 1441 Calliopianis
648 1357 726 1423 sine
753 1356 826 1422 ulla
855 1356 1080 1424 dubitatione
1108 1356 1282 1435 iecerim;
1314 1374 1398 1422 nam

277 1473 409 1538 horum
425 1471 591 1538 omnium
609 1473 806 1538 uerborum
828 1471 972 1539 nullum
997 1478 1051 1539 est
1077 1472 1166 1556 quin
1194 1489 1266 1538 non
1292 1471 1399 1538 modo

275 1588 321 1654 ad
336 1586 484 1653 latinam
496 1587 797 1654 consuetudinem
814 1593 848 1653 et
863 1587 1117 1654 Terentianum
1129 1587 1272 1655 dicendi
1283 1606 1399 1673 genus

271 1690 465 1787 'aptissime
493 1703 698 1776 conueniat,
725 1701 833 1769 uelut
861 1701 935 1767 188
966 1702 1043 1782 650,
1078 1699 1177 1767 homo
1208 1702 1286 1782 808,
1315 1708 1398 1782 etc,
1432 1773 1434 1777 ,

277 1837 408 1885 uerum
429 1819 537 1886 etiam
568 1818 767 1885 sententiae
788 1817 870 1903 plus
900 1817 1088 1904 grauitatis
1115 1818 1234 1894 addat,
1258 1824 1399 1885 81888

279 1933 355 2014 183)
374 1930 448 2000 lum
468 1934 545 2013 386,
560 1941 622 2002 aut
637 1935 718 2018 plus
730 1933 875 2018 leporis,
891 1940 930 2000 ut
941 1938 978 1998 18
991 1940 1025 2000 61
1043 1952 1062 1999 o
1077 1933 1154 2014 859,
1166 1933 1401 2019 quibusmire

278 2049 482 2118 declaratur
493 2055 571 2116 tum
581 2048 777 2116 Phaedriae
790 2049 905 2134 lepida
914 2049 1063 2116 audacia
1076 2047 1134 2133 (cl.
1148 2044 1296 2134 68881111
1306 2047 1398 2136 860),

278 2172 355 2234 tum
374 2165 480 2233 Getae
500 2165 644 2232 laetitia.

546 2361 582 2426 8ο
603 2380 646 2426 nn
666 2379 1133 2429 8686888868686618186

322 2555 392 2623 89.
410 2556 956 2623 Incommutandisuerouorbis
968 2575 1078 2640 quam
1089 2557 1266 2623 rationem
1278 2556 1402 2624 Callio-

279 2671 360 2756 pius
376 2677 523 2738 secutus
545 2671 592 2738 sit
607 2672 678 2738 iam
701 2671 859 2739 breuiter
883 2671 984 2758 attigi
1006 2668 1038 2757 (ἓ
1059 2670 1115 2756 37)
1131 2692 1140 2751 ;
1158 2690 1257 2738 nunc
1278 2676 1399 2740 autom

278 2787 460 2872 copiosius
476 2786 513 2853 in
533 2788 601 2853 hac
617 2806 656 2853 re
675 2787 794 2854 dicere
815 2786 908 2855 licet.

323 2902 413 2970 Cum
438 2902 621 2988 imprimis
643 2903 830 2988 antiquam
850 2902 1005 2969 Terentii
1030 2902 1331 2971 consuetudinem
1356 2904 1400 2970 ad

278 3000 383 3086 suam
417 3023 570 3086 aetatem
600 3017 874 3088 accommodare
912 3023 1075 3098 conetur,

324 3134 358 3198 10
396 3133 543 3201 Uetusta
577 3133 614 3198 in
644 3151 777 3200 nouam
807 3133 962 3220 figuram
992 3133 1095 3218 quasi
1125 3114 1336 3202 conuertit:
1358 3134 1401 3200 11

277 3247 455 3334 comparsit
474 3249 512 3314 in
546 3246 740 3334 comparsit,
763 3250 806 3316 99
835 3245 1013 3314 adiutaret
1034 3249 1071 3315 in
1104 3246 1304 3330 adiuuaret,
1337 3249 1400 3317 773

274 3362 399 3451 possiet
419 3364 456 3453 in
483 3361 601 3449 possit,
624 3364 689 3431 800
703 3361 904 3448 praeterhac
918 3364 955 3430 in
969 3361 1401 3449 procrastinationum

276 3479 315 3546 in
344 3481 426 3564 ipsa,
451 3479 518 3547 880
540 3475 756 3545 adhibendae
781 3479 818 3544 in
841 3476 1030 3559 18168886,
1058 3475 1399 3557 103811166181118;

276 3595 363 3663 item
378 3595 440 3662 507
454 3600 631 3682 88888618
647 3595 760 3682 inquo
772 3592 891 3675 vatod03
906 3601 969 3663 aut
980 3596 1141 3680 qualibet
1151 3602 1227 3663 arte
1239 3596 1398 3681 explicit:

277 3711 321 3778 88
335 3708 599 3796 (6888888881)
615 3707 732 3777 611866
750 3730 814 3795 pro
835 3709 1097 3797 (exaduersum)
1117 3707 1220 3789 11168;

322 3827 357 3892 8ο
377 3826 557 3893 Uocabula
582 3832 711 3906 mutat,
733 3846 889 3912 quorum
916 3828 992 3894 uim
1014 3827 1150 3894 scilicet
1170 3846 1243 3894 non
1264 3828 1398 3895 sentit:
1450 3915 1452 3917 ‚

278 3941 319 4009 37
340 3937 527 4008 6881186168
548 3960 591 4008 ex
612 3939 851 4020 caadaorsaaa,
873 3942 937 4008 838
962 3960 1025 4027 aas
1047 3961 1090 4009 ex
1108 3960 1158 4020 86,
1182 3942 1246 4009 318
1267 3939 1400 4030 aliquot

277 4076 320 4125 ex
340 4053 484 4144 aliquos,
501 4057 760 4142 astipularetur
774 4063 1012 4143 expoliretur,
1032 4058 1097 4126 613
1111 4053 1214 4124 libuit
1227 4078 1270 4126 ex
1287 4055 1397 4140 licuit,

243 4229 247 4234 ,
275 4172 341 4240 853
361 4169 624 4239 honoratissime
643 4192 686 4239 ex
708 4170 944 4249 ornatissimo;

321 4287 356 4355 3⁰
372 4287 478 4354 Uerbi
497 4288 636 4368 modos
650 4288 822 4373 quoniam
842 4308 968 4355 eorum
985 4308 1095 4355 usum
1114 4309 1187 4357 non
1208 4290 1280 4356 iam
1297 4290 1401 4357 intel-

278 4404 376 4490 legit,
390 4409 603 4484 commutat,
618 4404 758 4490 legibus
771 4403 1033 4471 recentioribus
1045 4406 1266 4490 obsequens;
1279 4383 1400 4491 itaque

1347 4545 1360 4588 o
