3360 5656
754 630 915 692 „gg-

273 816 317 883 ad
348 818 459 885 uerba
489 797 657 902 respexit,
684 817 713 884 is
745 818 934 902 perspicue
968 817 1107 883 nullam
1141 817 1192 884 rei
1225 818 1410 885 metricae

273 932 448 1001 rationem
475 934 626 1001 habuit:
653 934 749 1018 quod
778 953 863 1000 cum
893 952 959 1001 nos
992 933 1117 1000 multis
1145 933 1328 1019 exemplis
1361 952 1407 1000 ex

272 1049 489 1139 Phormione
521 1048 672 1116 sublatis
706 1049 918 1115 edocuimus
944 1049 998 1130 (cl.
1031 1047 1049 1133 ᾗ·
1078 1048 1147 1128 38),
1180 1055 1258 1115 tum
1288 1049 1405 1116 etiam

273 1164 403 1249 Sydon
423 1164 500 1250 ipse
520 1183 593 1231 non
613 1164 729 1248 potuit
754 1182 826 1231 non
851 1182 1057 1250 agnoscere,
1080 1182 1165 1231 cum
1191 1163 1260 1231 sibi
1287 1183 1406 1231 occu-

272 1287 392 1347 rerent
423 1299 552 1347 uersus
585 1279 710 1365 quales
744 1280 848 1359 Eun„
885 1279 970 1346 1082
999 1284 1044 1364 (p.
1078 1279 1147 1358 21),
1180 1279 1284 1355 Eun„
1317 1279 1389 1346 632

271 1396 411 1480 Heaut,
433 1396 498 1464 509
525 1393 574 1481 (p.
604 1394 674 1480 61),
705 1415 916 1481 quanquam
950 1396 1010 1461 ille
1044 1414 1116 1462 non
1150 1396 1403 1465 emendatoris

271 1513 507 1599 diligentiam,
543 1513 605 1579 sed
638 1512 774 1578 librarii
809 1512 1047 1579 temeritatem
1084 1512 1264 1595 increpuit
1299 1513 1405 1597 quod

267 1635 353 1714 poto
368 1628 406 1695 in
421 1634 554 1713 reputo,
570 1614 830 1712 prehenderentur
849 1626 887 1693 in
902 1623 1209 1712 adprehendendus
1223 1645 1405 1709 commu—

272 1749 388 1811 tatum
404 1749 470 1810 est.

684 1911 738 1977 DE
762 1911 903 1978 LIBRIS
928 1911 978 1977 CP

316 2079 383 2147 59.
421 2081 494 2147 lam
534 2082 761 2166 exploratum
795 2087 849 2148 est
890 2080 1066 2146 familiam
1102 2079 1318 2147 Bembinam
1365 2090 1404 2151 et

271 2195 450 2265 sermonis
471 2196 673 2283 integritate
697 2202 732 2263 et
751 2203 847 2263 recta
871 2195 1133 2262 uocabulorum
1158 2196 1404 2266 collocatione

271 2312 527 2397 Calliopianam
577 2330 748 2396 superare
788 2309 854 2397 (§§
883 2311 994 2386 33-35,
1038 2310 1115 2393 32),
1151 2311 1400 2398 eamdemque

272 2429 425 2495 uixdum
472 2433 618 2494 externa
667 2427 978 2512 redundantiaque
1021 2427 1197 2493 uocabula
1233 2427 1403 2513 recipere

272 2542 300 2628 (ᾗ
316 2541 385 2624 m),
400 2543 461 2610 sed
477 2548 597 2609 tamen
618 2542 801 2609 interdum
817 2542 955 2627 aliquid
972 2540 1137 2609 omittere
1154 2540 1186 2626 (§
1202 2542 1271 2628 30).
1290 2543 1400 2612 Nunc

271 2659 399 2726 incidit
417 2658 580 2743 quaestio
598 2658 654 2724 uel
675 2658 891 2744 grauissima
907 2659 950 2724 ad
971 2677 1081 2742 quam
1102 2657 1196 2725 docti
1221 2658 1397 2727 homines

272 2793 401 2859 parum
422 2774 541 2841 adhuc
560 2773 667 2840 erecti
688 2773 885 2858 attentique
905 2773 1076 2840 luerunt:
1095 2791 1183 2838 uum
1205 2773 1243 2839 in
1263 2773 1400 2841 Callio-

272 2889 388 2975 pianis
404 2895 575 2974 quattuor
592 2887 663 2954 ulla
680 2889 863 2972 supersint
875 2888 1035 2973 antiqua,
1046 2905 1139 2972 quae
1154 2905 1198 2953 ex
1213 2886 1283 2954 alio
1298 2886 1398 2956 libro

271 3004 454 3072 Bembinis
470 3004 604 3089 potiore
619 3009 766 3088 excepta
782 3003 932 3082 luerint;
951 3003 1046 3089 quod
1067 3002 1193 3087 quanti
1214 3006 1399 3071 momenti

272 3121 318 3188 sit
329 3121 373 3202 ad
385 3119 540 3187 Terentii
557 3137 664 3204 opera
680 3120 904 3197 emendanda
915 3119 1064 3185 edocere
1076 3136 1397 3202 superuacaneum

271 3243 335 3303 est.
355 3235 519 3320 Plerique
541 3235 650 3313 enim,
674 3234 735 3300 uhi
756 3234 919 3300 Bembini
940 3235 1051 3301 uerba
1072 3233 1256 3318 simulque
1276 3232 1397 3302 Victo·

271 3350 361 3416 riani
383 3355 417 3417 et
432 3349 611 3416 Decurtati
631 3369 650 3415 a
671 3349 798 3415 ceteris
818 3349 920 3416 libris
948 3350 1133 3429 recedunt,
1158 3348 1331 3416 audacter
1352 3369 1394 3418 ea

271 3465 419 3532 meliora
450 3464 599 3543 ducunt,
631 3463 699 3529 alia
734 3464 917 3548 respuant,
948 3464 1051 3549 quasi
1086 3463 1394 3549 Calliopianorum

270 3582 358 3647 haec
385 3599 455 3646 una
478 3579 596 3646 uirtus
621 3580 678 3644 uel
704 3579 772 3645 hoc
795 3598 931 3646 munus
960 3579 1018 3658 sit,
1044 3598 1212 3665 eaquae
1238 3578 1277 3645 in
1301 3580 1394 3648 ADG

270 3701 392 3779 aperte
412 3696 607 3779 deprauata
628 3693 712 3773 sint,
735 3694 926 3780 corrigere.
945 3698 1113 3762 Attamen
1133 3695 1315 3762 incertum
1337 3702 1393 3763 est

270 3830 316 3877 an
332 3829 507 3895 umquam
526 3809 696 3876 Bembina
722 3810 831 3876 uerba
848 3810 1088 3895 Calliopianus
1114 3810 1326 3877 emendator
1354 3811 1394 3879 in

270 3925 401 3993 melius
429 3925 635 3992 mutauerit.
662 3925 845 3992 Praeterea
874 3944 994 3993 nonne
1023 3945 1133 4011 supra
1161 3926 1393 3994 ostendimus

270 4060 353 4108 eum
379 4041 554 4107 nonnulla
579 4059 670 4124 quae
691 4031 798 4123 prisci
823 4041 1001 4108 sermonis
1025 4048 1146 4108 essent
1169 4040 1208 4107 in
1232 4023 1392 4127 liguram

270 4156 425 4242 uigentis
445 4156 717 4222 consuetudinis
743 4156 966 4223 conuertisse
987 4156 1017 4242 (ᾗ
1044 4155 1226 4239 37)?·Cur
1247 4174 1333 4242 ergo
1353 4156 1394 4225 iu

268 4269 350 4338 sotis
371 4272 490 4338 locum
515 4278 566 4336 set
591 4272 800 4338 restitutum
825 4278 974 4352 estant
999 4271 1138 4360 pnicum
1159 4291 1223 4357 pro
1243 4289 1395 4359 quocum

270 4385 321 4474 (u.
344 4407 380 4453 u.
404 4386 480 4467 tel,
504 4384 604 4469 rtet?
