3360 5656
591 1247 796 1345 CAPUT
851 1251 895 1346 ll

219 1561 287 1630 24.
313 1561 487 1644 Quamuis
504 1569 554 1632 tot
568 1562 749 1650 tantisque
761 1562 899 1633 librarii
915 1563 1014 1634 uitiis
1028 1563 1193 1634 Bembini
1209 1563 1298 1634 fides

175 1677 248 1745 iam
270 1677 463 1746 imminuta
485 1677 663 1760 uideatur,
686 1696 796 1775 graue
813 1686 933 1747 tamen
951 1686 1180 1750 momentum
1201 1678 1298 1766 apud

174 1792 279 1861 illum
296 1800 424 1868 exstat,
442 1813 526 1862 cum
546 1793 624 1861 iure
641 1793 753 1879 possit
770 1795 838 1863 hoc
853 1813 891 1863 se
908 1796 1052 1874 iactare,
1068 1798 1165 1882 quod
1181 1794 1297 1881 spatio

174 1907 322 1995 quidem
343 1915 550 1994 temporum
572 1911 710 1995 priscae
728 1918 763 1978 et
782 1912 941 1998 integrae
966 1911 1120 1980 Terentii
1141 1910 1295 1979 orationi

175 2025 365 2111 proximus
385 2024 431 2092 sit
450 2026 629 2106 omnium,
658 2027 774 2094 mutto
800 2027 921 2111 piures
939 2024 1067 2096 ¹autem
1093 2026 1296 2095 exstiterint

155 2139 291 2224 'usque
313 2140 357 2206 ad
385 2137 623 2225 Caiiiopianos
654 2140 763 2209 libros
788 2139 850 2226 qui
878 2141 1088 2227 Terentiana
1118 2141 1229 2209 uerba
1263 2149 1297 2211 et

173 2256 380 2340 exciperent
396 2261 430 2322 et
442 2254 641 2325 traderent:
653 2258 892 2341 quamobrem
909 2275 947 2324 se
959 2258 1075 2343 magis
1086 2275 1295 2342 expressam

174 2370 362 2457 magisque
378 2390 517 2444 ueram,
530 2379 669 2439 ceteros
680 2372 752 2438 iam
769 2371 998 2440 obscuratam
1015 2379 1049 2440 et
1060 2358 1294 2458 deprauata'm

173 2483 337 2552 ueritatis
370 2487 567 2572 imaginem
602 2488 763 2553 reddere.
800 2487 889 2554 Cum
921 2489 1018 2554 enim
1052 2492 1194 2555 tantum
1226 2486 1295 2554 sibi

174 2599 303 2692 merito
318 2600 492 2686 adrogare
514 2601 639 2685 possit,
662 2600 752 2668 itiud
774 2621 838 2669 nos
854 2602 1028 2688 consequi
1048 2602 1236 2680 debemus,
1255 2608 1295 2670 ut

173 2714 1295 2803 dispiciamusquibusnotisconspiouusaCaiiiopianaiamitia

173 2830 329 2910 ditiorat3
341 2850 412 2916 qua
424 2832 483 2898 uia
497 2832 585 2898 haec
600 2832 645 2898 ab
656 2834 804 2918 antiqua
816 2833 928 2918 stirpe
941 2834 1044 2918 quasi
1056 2834 1292 2914 aberrauerit,

173 2947 292 3030 peiore
311 2966 357 3013 an
380 2947 549 3027 metiore3
571 2965 664 3031 quae
679 2963 812 3032 genera
833 2946 1064 3033 potissimum
1079 2948 1293 3016 delictorum

171 3063 341 3146 frequens
362 3067 396 3128 et
416 3060 589 3128 diuturna
611 3063 841 3148 transcriptio
862 3062 1053 3158 admittere
1073 3069 1106 3131 et
1125 3082 1295 3150 aggerare

170 3177 273 3244 solita
291 3177 349 3244 sit.
373 3179 469 3259 Quae
489 3176 611 3244 omnia
631 3178 842 3264 dignoscere
862 3174 1119 3245 difficillimum
1139 3186 1244 3259 esset,
1264 3181 1293 3246 si

171 3309 266 3359 unus
283 3310 326 3357 ex
342 3310 408 3358 sua
428 3298 533 3378 gente
549 3293 746 3375 Bembinus
764 3277 980 3379 superesset.
1000 3295 1066 3376 Qui
1081 3293 1179 3361 enim
1201 3293 1294 3362 inter

170 3405 410 3494 discrepantia
441 3409 551 3474 uerba
585 3408 746 3493 expediri
780 3416 900 3494 posset
934 3429 1026 3495 quae
1057 3416 1178 3477 essent
1205 3410 1294 3506 eius

172 3523 327 3608 propria,
349 3541 441 3608 quae
461 3529 581 3590 autem
604 3542 623 3590 a
641 3523 823 3609 prioribus
847 3523 947 3592 tibris
964 3523 1136 3610 recepta?
1158 3525 1292 3593 Verum

171 3639 207 3705 in
224 3656 263 3704 ea
280 3655 318 3703 re
339 3639 443 3705 nobis
461 3647 684 3724 praesentem
703 3658 807 3725 opem
821 3641 1053 3726 suppeditant
1066 3636 1292 3708 Victorianus

170 3760 205 3821 et
218 3754 443 3832 DeourtatuS,
462 3755 522 3840 qui
542 3753 666 3823 multis
682 3754 768 3849 iocis
784 3777 868 3824 cum
885 3744 904 3824 a
919 3756 1148 3844 Caiiiopianis
1164 3760 1292 3825 ceteris

170 3868 278 3936 ambo
292 3869 512 3943 discordant,
524 3876 601 3937 tum
619 3890 744 3938 nuncu
759 3874 933 3941 Bembino
947 3892 1091 3960 quoque
1106 3875 1291 3951 recedunt,

172 4004 269 4050 nunc
294 4004 377 4050 cum
403 4005 444 4054 eo
470 3987 714 4054 conueniunt:
737 3990 833 4073 quod
858 3990 957 4055 nulia
983 4009 1091 4057 causa
1121 3991 1190 4057 aiia
1214 3993 1291 4058 fieri

170 4101 391 4166 arbitramur
407 4121 516 4185 quam
535 4084 630 4186 quod
646 4104 913 4188 propinquitate
922 4125 1006 4172 cum
1020 4107 1194 4174 Bembino
1208 4115 1293 4174 sunt

169 4217 366 4290 coniuncti,
388 4224 496 4300 atque
510 4237 552 4283 ex
570 4220 695 4285 eodem
717 4221 913 4304 archetypo
934 4223 1110 4289 defluunt.

214 4394 282 4460 25.
300 4393 379 4460 Scio
390 4396 558 4480 equidem
573 4397 645 4462 iam
659 4415 716 4463 me
728 4398 764 4462 in
777 4399 1007 4466 doctissimos
1022 4401 1121 4468 uiros
1136 4403 1293 4470 incidere
