3360 5656
760 700 799 710 -
816 667 857 728 si
880 700 923 749 -‚

276 857 453 941 syllabam
476 857 589 924 inuita
630 857 795 941 prosodia
821 856 1031 940 producere.
1064 855 1164 935 Quod
1201 861 1323 921 autern
1353 855 1396 920 ad

276 965 1396 1054 locutionemattinetni.Heaut.,l3lltuomlconspectumfnqilul,

277 1084 371 1159 Heu,
397 1084 461 1152 788
480 1083 547 1150 reio
573 1081 629 1170 pol
662 1083 717 1150 eia
734 1082 809 1170 fore
846 1102 961 1150 meum
994 1090 1207 1169 conspectum
1240 1082 1398 1150 inuisum

278 1196 389 1280 bodie,
413 1208 480 1268 eto.
615 1248 617 1251 ψ

323 1368 392 1435 62.
410 1369 527 1437 Tertio
543 1372 621 1437 loeo
641 1389 677 1436 u.
705 1368 770 1436 llo
791 1372 895 1456 ,itque
910 1365 962 1434 ilo
992 1385 1077 1455 opus
1090 1367 1182 1455 sueto
1205 1373 1276 1448 usl;
1303 1373 1333 1434 et
1351 1367 1400 1453 (ot

279 1482 549 1571 Call.)moturo,
575 1483 657 1551 dum
678 1481 784 1551 libido
808 1479 1029 1551 eademnam
1054 1489 1180 1564 monet,
1204 1484 1399 1571 legendum

279 1606 394 1680 estol,
432 1619 503 1667 non
529 1606 570 1666 el.
612 1601 717 1685 Cupit
754 1600 852 1667 enirn
881 1601 1081 1685 metuitque
1115 1599 1306 1667 Chremes:
1338 1600 1400 1685 qui

279 1716 391 1781 animi
407 1722 529 1783 motus
543 1734 631 1783 uooe
645 1722 680 1780 ol
701 1716 851 1800 pulchre
871 1715 1108 1803 significatur.

323 1910 392 1977 63.
415 1911 601 1978 Postremo
621 1932 657 1978 u.
681 1909 763 1978 1001
801 1907 867 1978 obe
890 1906 966 1994 (ello
992 1909 1096 1994 Call.)
1119 1916 1165 1985 tn,
1197 1907 1328 1996 forulum
1357 1914 1402 1976 ast

280 2022 339 2091 obs
376 2031 405 2090 te
432 2023 562 2099 sedulo,
602 2045 686 2093 oum
717 2025 947 2111 Calliopianis
980 2025 1185 2093 iaciendum
1211 2032 1276 2100 est,
1317 2026 1401 2110 quia

282 2141 395 2208 Latini
411 2143 454 2207 ad
471 2141 630 2226 aliquem
643 2141 1181 2225 uehementeroompellandum
1199 2159 1402 2226 numquam

281 2252 402 2335 allatu,
425 2257 488 2323 sed
503 2253 563 2323 ello
580 2262 618 2322 ln
638 2273 783 2341 semper
805 2258 1043 2341 usurpabant.

326 2451 395 2517 64.
429 2453 613 2520 Praeterea
639 2454 706 2519 boo
739 2453 816 2520 loeo
841 2452 885 2518 de
913 2470 1151 2537 personarum
1178 2451 1359 2518 indicibus
1383 2471 1403 2517 a

282 2567 466 2634 Bembinis
484 2568 692 2653 Calliopiani
709 2568 933 2653 discrepant:

281 2737 350 2798 olo.
397 2737 605 2816 Pamphilam
631 2754 739 2798 meam
769 2737 933 2797 uendidit.
966 2733 1019 2797 dl]
1043 2734 1123 2810 llll.
1154 2735 1258 2812 AD¹Gl
1288 2735 1405 2810 Quid?

633 2832 832 2912 [uendidill
850 2832 906 2894 ΑΝ
919 2829 997 2910 (GE.
1016 2830 1120 2907 Alunt
1135 2833 1211 2907 Ain,
1227 2831 1405 2895 uendidit?

406 2930 473 2994 PH.
490 2933 660 2998 Vendidit.

188 3103 191 3108 '
283 3094 479 3162 Temeritas
500 3101 565 3172 est,
588 3094 727 3178 opinor,
752 3093 934 3160 Bembinis
954 3092 1152 3171 assentire;
1175 3112 1259 3159 nam
1284 3093 1343 3159 oui
1367 3092 1405 3159 in

285 3213 440 3278 obscuro
461 3217 513 3277 est
530 3208 641 3277 uerba
661 3208 736 3288 oin,
759 3205 929 3288 uendidit,
948 3208 1081 3293 quibus
1102 3209 1275 3275 Phaedria
1298 3209 1406 3277 inler-

285 3332 444 3413 rogatur,
465 3325 528 3392 uni
549 3325 746 3410 Antiphoni
766 3325 974 3405 conuenire,
993 3325 1166 3409 quoniam
1187 3319 1333 3392 neoesse
1353 3331 1406 3392 est

286 3443 382 3520 huie,
406 3461 478 3509 non
499 3441 854 3534 Getae,·Phaedriam
877 3438 1125 3525 respondere?
1149 3441 1259 3507 uerba
1283 3446 1404 3507 autem

270 3539 370 3646 quid
389 3552 558 3633 uendidit,
590 3557 696 3623 modo
717 3556 992 3623 admirationem
1020 3562 1161 3623 tanturn
1187 3554 1403 3643 significent,

287 3679 382 3740 reete
405 3673 511 3740 Getae
528 3691 632 3758 posse
652 3670 812 3750 attribui,
836 3671 1047 3757 praesertim
1073 3690 1158 3738 oum
1179 3672 1209 3738 is
1231 3672 1403 3752 sermoni,

286 3790 347 3874 qui
368 3790 462 3856 inter
482 3787 611 3855 iratres
631 3796 664 3856 et
685 3789 851 3855 lenonem
869 3788 1034 3866 babetur,
1057 3806 1095 3853 re
1117 3804 1201 3853 uera
1223 3806 1406 3873 nusquam

286 3905 440 3973 intersit.
497 3922 498 3925 ’
1130 3898 1131 3901 ’

331 4079 399 4149 65.
418 4079 1038 4166 ConfitendumigiturCalliopianos
1058 4079 1175 4160 CPllE,
1196 4099 1405 4165 quanquam

288 4198 412 4264 multis
443 4197 782 4281 interpolationibus
809 4196 950 4263 contusi
976 4195 1060 4274 sint,
1086 4196 1261 4262 nonnulla
1286 4202 1405 4263 lamen

287 4296 504 4380 lineamenta
522 4312 660 4397 antiqui
684 4310 922 4398 progenitoris
943 4311 1143 4388 ostendere,
1166 4310 1227 4395 qui
1244 4311 1406 4378 Bembini

286 4428 537 4496 auctoritatem
559 4434 621 4495 aut
636 4433 846 4513 compenset
864 4432 927 4493 aut
943 4427 1077 4494 uincat.
