3360 5656
749 603 908 660 ..44-

270 792 300 858 'si
335 791 440 858 metri
473 809 594 871 00030,
625 810 691 858 000
720 791 792 857 000
822 787 940 875 pot'ius
967 787 1114 877 paulum
1137 791 1175 857 in
1207 788 1400 876 paululum

270 904 452 974 mutauit?
474 914 536 973 aut
559 906 741 992 quomodo
764 907 879 991 potuit
898 907 1092 992 semipedis
1117 907 1318 974 delectione
1338 909 1400 975 hic

270 1022 414 1103 oliendi,
442 1023 504 1107 qui
534 1022 659 1089 multis
697 1023 776 1089 aliis
815 1023 902 1090 loeis
933 1020 1118 1108 paululum
1149 1041 1214 1108 pro
1245 1021 1399 1108 protom

271 1138 486 1212 tolerauerit
507 1156 580 1223 quo
600 1138 747 1222 quidem
768 1138 940 1205 aduerbio
960 1157 1091 1205 uersus
1115 1158 1230 1224 aequo
1252 1139 1399 1226 longior

270 1250 392 1320 esset?
417 1251 476 1337 (cl.
503 1253 630 1333 Andr„
653 1253 728 1330 903,
762 1253 866 1334 Εο0.,
896 1254 971 1331 856,
1001 1254 1221 1335 10681075,
1250 1254 1397 1334 Heaut,

271 1369 347 1450 tlt,
370 1368 467 1449 Hoc,
489 1369 565 1449 506,
588 1369 669 1471 dd,
692 1370 769 1447 949,
791 1369 868 1449 950,
890 1370 982 1443 980.

273 1572 334 1634 48.
350 1574 441 1642 Hea,
458 1572 528 1633 903.
575 1573 666 1635 Foris
682 1591 810 1652 sapere,
827 1573 888 1635 tibi
912 1590 980 1635 non
1007 1591 1103 1651 posse
1121 1573 1231 1652 (posse
1253 1581 1284 1634 le
1301 1570 1399 1651 Call.)

1060 1744 1063 1748 ⁴
1184 1669 1401 1750 [auxiliarier

277 1902 279 1909 ,
317 1830 615 1916 Quandoquidem
649 1837 789 1899 constat
820 1850 938 1917 neque
963 1833 1126 1898 numeris
1149 1850 1241 1918 posse
1276 1851 1400 1918 neque

273 1934 384 2032 purae
403 1947 556 2014 orationi
570 1965 662 2032 posse
683 1955 711 2013 la
732 1947 948 2028 satisfacere,
977 1954 1085 2033 atque
1105 1949 1173 2015 hoo
1205 1947 1282 2015 loeo
1304 1950 1401 2033 polis

272 2079 336 2128 asse
356 2062 621 2133 restituendum
641 2071 731 2143 esse,
754 2064 841 2149 quid
857 2070 910 2131 est
925 2083 1054 2130 causae
1073 2083 1139 2130 000
1159 2081 1231 2130 non
1251 2080 1346 2148 posse
1369 2069 1401 2128 ta

272 2183 486 2262 corruptum
502 2178 692 2255 ducamus,
710 2184 817 2264 atque
833 2179 1025 2246 locutionis
1039 2177 1126 2263 potis
1139 2196 1203 2245 0000
1223 2178 1401 2263 reliquias

272 2292 488 2361 ostendere?

272 2487 333 2550 49.
353 2490 445 2562 Pho,
463 2488 531 2549 535.
577 2489 635 2551 Cui
653 2490 765 2551 miuus
778 2491 885 2551 nihilo
895 2498 955 2563 est,
968 2490 1057 2568 quod
1073 2491 1128 2552 hie
1142 2491 1168 2551 si
1183 2495 1259 2568 pote
1275 2490 1401 2553 luisset

795 2589 983 2667 [lpotuisset
1000 2606 1091 2651 nune
1108 2585 1201 2666 Gall.)
1216 2590 1393 2650 exorarier

318 2749 502 2817 Conradus
533 2749 662 2834 Sydow
687 2749 883 2816 arbitratur
911 2767 1111 2830 censorem,
1140 2756 1334 2834 postquam
1356 2750 1396 2816 in

274 2883 340 2933 suo
361 2865 451 2932 libro
472 2862 629 2949 potuisset
649 2866 804 2952 legisset,
824 2884 918 2931 0000
933 2865 1039 2932 metri
1057 2885 1165 2932 eausa
1183 2865 1396 2932 inseruisse.

275 2981 386 3048 Credo
412 2981 580 3064 equidem
605 2981 694 3047 illud
720 2998 814 3046 0000
838 2982 873 3046 in
896 2999 1047 3047 uersum
1074 3000 1159 3048 casu
1191 2981 1397 3065 irrepsisse,

274 3104 381 3182 atque
408 3115 451 3162 ex
482 3096 701 3181 pronomine
725 3094 815 3162 0000
840 3115 969 3162 000303
1003 3096 1080 3171 536,
1110 3097 1207 3181 quod
1233 3096 1325 3167 inira
1360 3117 1400 3164 se

274 3213 386 3291 adest,
410 3212 614 3296 prouenire.

275 3451 335 3511 50.
361 3452 452 3524 Pho,
496 3450 565 3511 589.
581 3451 607 3510 A
622 3451 751 3528 :Neque
762 3452 844 3511 adeo
860 3450 1029 3513 defitisear
1043 3453 1402 3531 umquamexperirier

530 3545 626 3611 Call:
654 3549 767 3626 Neque
788 3549 966 3610 defetiscar
992 3567 1152 3627 umquam
1180 3567 1240 3628 ego
1270 3549 1344 3625 (om.
1374 3553 1400 3612 D

993 3645 1089 3725 [adeo
1105 3647 1143 3722 Gl
1154 3648 1341 3725 experirier
1354 3649 1400 3726 (ll

541 3741 643 3804 Prisc:
660 3744 773 3821 Neque
788 3745 966 3805 defetiscar
985 3761 1091 3823 usque
1113 3746 1195 3806 adeo
1211 3746 1401 3823 experirier

496 3840 565 3901 590.
612 3841 791 3904 Doneotibi
807 3843 839 3903 id
857 3844 946 3920 quod
969 3843 1139 3920 pollicitus
1163 3862 1237 3904 sum
1259 3844 1401 3907 elleoero

320 4001 440 4066 Primo
459 4000 630 4084 adspectu
655 4008 804 4085 apparet
827 4001 864 4067 in
888 4002 1109 4070 Priscianino
1140 4021 1249 4069 uersu
1270 4021 1400 4070 ueram

277 4117 393 4183 inesse
404 4116 556 4182 Terentii
568 4117 780 4196 orationem,
796 4137 879 4184 eum
895 4118 1120 4202 trequentius
1131 4119 1227 4203 apud
1238 4119 1401 4188 comicos

292 4350 330 4420 .¹·
339 4347 379 4419 Ι00
388 4348 523 4456 scriptura
536 4346 681 4394 victoriani
697 4348 808 4397 Ambro·
865 4347 1036 4418 Edmundum
1048 4346 1155 4407 llauler,
1166 4346 1402 4408 inoritioaappen-

276 4421 411 4471 eramque,
427 4422 441 4455 0
456 4445 461 4454 .
476 4407 624 4457 flohertum
636 4411 724 4459 llauer
739 4412 809 4472 apud
863 4410 931 4457 dice.
