3360 5656
644 654 805 716 ..45-

162 861 245 908 cum
264 843 436 908 Bembino
452 860 699 921 communem,
720 843 801 926 quis
817 842 939 908 credat
955 843 1073 918 illum,
1086 843 1148 927 qui
1165 860 1225 908 eos
1240 860 1283 908 ex

161 958 281 1024 alieno
299 958 390 1024 libro
413 958 673 1035 emendauerit‚
692 957 852 1025 studiose
868 957 1005 1043 integra
1025 958 1132 1023 uerba
1149 957 1283 1024 uitiatis

160 1072 477 1141 commutauisse‘?

407 1349 461 1414 DE
486 1348 663 1413 BEMBlNl
688 1347 887 1415 PROPRIIS
912 1347 1038 1414 Ultus

206 1501 245 1567 6.
268 1499 363 1580 Quae
379 1518 464 1565 cum
480 1499 525 1566 ita
544 1500 629 1578 siut,
648 1500 719 1565 iarn
736 1500 898 1584 quaestio
914 1505 1037 1566 nostra
1058 1499 1151 1565 intra
1167 1505 1283 1565 certos

161 1616 251 1682 fines
281 1615 499 1693 continetur,
527 1615 821 1700 quandoquidem
852 1615 1048 1681 Bembiuus
1077 1615 1122 1681 ad
1146 1620 1283 1681 ceteros

162 1730 272 1798 libros
288 1736 387 1798 tanto
404 1731 486 1815 plus
507 1723 709 1797 uelminus
730 1730 953 1798 auctoritatis
973 1730 1130 1809 babebit,
1149 1736 1284 1815 quanto

162 1848 297 1914 maiore
312 1847 372 1914 uel
392 1847 532 1914 minore
548 1864 634 1912 cura
655 1853 689 1913 et
705 1846 854 1913 scientia
874 1846 1077 1931 descriptus
1097 1847 1176 1914 erit.
1195 1846 1283 1912 Nam

161 1963 190 2028 si
211 1965 320 2030 rebus
341 1964 377 2028 in
399 1962 561 2028 minimis
577 1968 611 2029 et
627 1962 804 2047 promptis
820 1964 947 2046 culpae
969 1962 1183 2028 manifestus
1202 1961 1281 2042 erit,

63 2113 64 2117 =
161 2078 269 2144 etiam
290 2078 328 2144 in
349 2078 518 2144 maximis
539 2083 573 2144 et
593 2077 786 2144 reconditis
808 2077 1014 2161 peccauisse
1033 2077 1112 2143 iure
1131 2077 1284 2144 iudicari

161 2193 307 2278 poterit;
335 2200 516 2278 praeterea
541 2212 612 2284 quo
638 2193 753 2278 magis
784 2193 820 2258 in
846 2193 907 2258 illo
931 2193 1139 2259 communis
1159 2210 1284 2259 exem-

161 2308 271 2392 plaris
312 2309 513 2375 similitudo
550 2308 817 2386 extenuabitur,
858 2327 899 2374 eo
938 2308 1053 2394 magis
1093 2308 1284 2375 uetustatis

160 2398 354 2491 auctoritas
378 2425 576 2510 frangetur.
604 2424 792 2490 Neminem
822 2430 941 2491 autem
966 2425 1035 2490 hoc
1059 2423 1149 2490 lallit
1173 2443 1283 2509 quam

106 2571 114 2588 ·
161 2540 286 2607 multis
303 2541 400 2607 uitiis
418 2540 507 2607 liber
524 2540 584 2606 ille
600 2540 644 2607 sit
661 2541 826 2616 refertus,
845 2540 1109 2625 praecipueque
1129 2540 1172 2606 iis
1193 2559 1284 2624 quae

160 2655 297 2722 librarii
340 2657 539 2723 temeritate
584 2656 767 2740 nimiaque
809 2656 1037 2723 testinatione
1074 2656 1281 2742 gignantur.

160 2771 319 2852 Quorum
338 2778 424 2838 suut
440 2772 589 2838 omnino
606 2777 775 2856 quattuor
791 2789 934 2856 genera,
953 2771 1031 2838 siue
1047 2773 1157 2837 uerba
1174 2751 1284 2838 u'nius

160 2888 298 2954 litterae
319 2887 377 2954 uel
397 2887 642 2972 complurium
664 2887 883 2971 demptione,
905 2887 1099 2966 additione,
1121 2905 1286 2954 commu-

160 3003 305 3078 tatione,
328 3003 631 3070 transmutatione
651 3008 820 3086 corrupta
841 3008 938 3081 sunt,
962 3002 1040 3069 siue
1061 3002 1284 3088 neglegentia

160 3119 307 3196 omissa,
330 3119 408 3185 siue
427 3119 517 3185 lalso
537 3118 687 3194 adiecta,
709 3119 788 3184 siue
807 3136 893 3184 casu
919 3117 1041 3202 aliquo
1061 3118 1098 3183 in
1123 3119 1283 3184 alienum

160 3234 280 3301 locum
300 3234 484 3300 collocata.
500 3233 742 3324 Quamobrem
763 3240 850 3319 quot
871 3234 1064 3319 qualiaque
1084 3235 1215 3300 menda
1231 3233 1284 3299 illi

159 3348 357 3416 exciderint
382 3349 444 3434 qui
465 3349 606 3433 primus
627 3349 842 3414 Bembinum
863 3348 1077 3428 exorauerit,
1100 3349 1158 3414 uel
1178 3349 1223 3415 ab
1243 3366 1284 3415 eo

160 3472 301 3550 recepta
318 3465 399 3541 siut,
422 3464 580 3549 exceptis
598 3464 641 3530 iis
657 3482 749 3549 quae
765 3483 808 3530 ex
823 3484 934 3549 praua
948 3463 1129 3530 scribendi
1146 3465 1284 3531 ratione

161 3582 326 3666 pendent,
344 3581 412 3648 nisi
425 3581 572 3666 quidem
585 3599 757 3647 numeros
768 3581 985 3654 disturbant.
1000 3600 1042 3646 ex
1057 3580 1125 3647 boc
1140 3580 1284 3664 quadri-

162 3697 290 3781 pertito
310 3698 392 3763 albo
411 3697 571 3782 conspici
593 3703 708 3781 potest
729 3695 786 3781 (l).

495 3927 517 3983 1⁰
542 3939 585 3984 bn
610 3937 733 3984 UERBIS
757 3937 949 3986 COBRUPTIS

207 4091 245 4154 7.
272 4089 435 4154 Primum
461 4088 753 4172 inconspectum
774 4088 927 4176 ueniunt
947 4070 1107 4172 syllabae
1126 4087 1283 4155 inconsi-

162 4206 282 4271 derate
301 4205 503 4291 geminatae
524 4223 676 4270 numero
697 4205 741 4270 ad
762 4223 848 4271 sex:

195 4399 226 4457 ll)
245 4399 301 4446 Nisi
327 4399 391 4459 quid
422 4398 494 4447 aliud
523 4399 718 4456 monuerimus,
741 4398 774 4445 de
799 4412 810 4444 u
837 4397 926 4458 prima
958 4410 1040 4445 manu
1063 4411 1075 4442 n
1106 4396 1282 4444 librariorum

162 4461 350 4509 tantummodo
362 4461 465 4509 montio
477 4460 532 4508 flet.
