3360 5656
758 601 918 665 ..57-

277 789 557 860 cousuetudinem
590 793 690 859 omni
724 792 985 878 significatione
1024 809 1178 858 uacare:
1216 810 1300 858 nam
1334 792 1397 876 qui

278 915 393 994 potest
412 909 625 977 adulescens
640 915 801 975 metuere
813 926 857 974 ne
871 908 983 993 patris
999 908 1159 975 aduentu
1180 925 1259 974 eam
1275 926 1398 974 amare

276 1025 416 1092 desinat
436 1042 546 1110 quarn
564 1042 715 1091 uxorem
732 1022 906 1091 duxerit?
926 1024 1016 1104 Quid
1037 1021 1178 1110 igitur?
1200 1023 1399 1108 praeteren-

192 1152 194 1156 ’
276 1142 413 1208 dumne
432 1137 714 1226 uepritudiuem‘?
730 1140 894 1206 Primum
910 1140 1007 1207 enirn
1025 1159 1064 1207 ea
1081 1158 1152 1206 uox
1168 1139 1398 1206 commenda-

277 1264 335 1325 tur
358 1258 471 1325 uerbo
499 1254 652 1324 adimere
680 1259 777 1343 quod
805 1258 992 1342 aptissime
1006 1277 1091 1326 cum
1116 1255 1296 1342 ueqritudo
1312 1275 1398 1325 oon-

275 1374 372 1461 gruit
389 1375 444 1455 (ol.
460 1374 600 1452 Heaut,
618 1374 683 1440 42⁰2
704 1371 856 1440 adimere
871 1371 1136 1460 uepritudiuem,
1156 1374 1317 1453 Phorm.‚
1333 1373 1398 1440 886
1475 1455 1478 1460 Α

276 1507 395 1556 eurum
423 1486 584 1565 adimere,
615 1491 711 1570 Hee,
732 1490 795 1556 811
821 1485 935 1556 111111
961 1507 1070 1567 eurus,
1104 1490 1231 1569 Andr„
1263 1489 1328 1556 339
1360 1495 1400 1555 ut

275 1612 443 1672 1111111.»
474 1602 640 1682 adimam,
670 1606 732 1682 id,
764 1605 829 1673 301
856 1601 1015 1690 adempto
1045 1623 1115 1690 spes
1144 1611 1198 1682 est,
1230 1606 1324 1687 eto).
1354 1642 1400 1652 —

276 1723 320 1788 At
339 1723 438 1788 enim
458 1721 604 1790 difficile
624 1727 678 1789 est
697 1721 902 1788 discernere
921 1721 979 1787 cui
1001 1720 1052 1787 rei
1076 1720 1290 1800 conueniat3
1313 1740 1398 1787 nam

276 1837 370 1903 male
392 1843 536 1903 reuocat
562 1854 690 1903 uocem
716 1854 849 1915 eurum,
867 1854 960 1920 quae
987 1854 1029 1903 eo
1056 1836 1317 1921 significantior
1344 1842 1400 1904 est

276 1952 372 2037 quod
392 1971 477 2018 oum
498 1958 638 2037 ouperet
659 1958 712 2018 est
727 1952 933 2018 ooniunota.
953 1952 1198 2019 —Assentior
1214 1951 1397 2037 equidem.

276 2066 447 2148 Quocirca
472 2063 728 2152 uepritudinem
756 2067 801 2133 ad
835 2067 1007 2134 orationis
1041 2068 1250 2134 membrum
1280 2064 1401 2154 fuisset

278 2189 350 2248 tum
371 2177 447 2248 illos
465 2180 515 2248 mi
534 2200 635 2268 ueqre
664 2178 797 2269 aliquot
824 2179 893 2248 diet
914 2183 1039 2251 relerri
1059 2183 1225 2260 arbitror,
1248 2182 1398 2267 quinum

277 2298 454 2366 sententia
481 2297 720 2365 eonnectitur.
750 2298 842 2364 Haeo
871 2304 925 2366 est
945 2299 1042 2364 enim
1068 2298 1136 2365 looi
1157 2297 1398 2385 significatio:

279 2434 293 2476 a
313 2414 343 2480 si
365 2414 522 2498 puellam
553 2432 625 2480 non
648 2412 848 2493 duxissem,
878 2414 1004 2483 luisset
1029 2415 1119 2480 mihi
1139 2432 1243 2501 aegre
1261 2415 1401 2499 aliquot

277 2529 365 2609 dies
406 2530 520 2596 donee
558 2535 658 2614 pater
696 2528 838 2595 rediens
877 2531 971 2596 hano
1009 2530 1099 2596 mihi
1133 2530 1397 2613 aegritudinem

276 2645 463 2723 adimeret,
477 2644 692 2711 sententiam
705 2644 749 2710 de
763 2642 899 2729 nuptiis
915 2645 1085 2725 dicendo;
1099 2665 1198 2713 nuno
1211 2664 1298 2715 uero
1311 2666 1399 2714 oura

279 2760 376 2846 angit
403 2760 568 2826 animum
598 2760 696 2846 (quia
720 2761 831 2845 patris
859 2761 1021 2829 dolorem
1043 2768 1076 2829 et
1107 2761 1198 2827 iram
1224 2760 1347 2847 timeo)
1368 2782 1394 2828 u.

215 2943 216 2946 ,
278 2876 464 2962 Abruptus
491 2882 545 2942 est
573 2876 671 2943 enim
702 2876 945 2943 adulescentis
974 2896 1105 2955 sermo,
1129 2883 1169 2944 ut
1199 2877 1261 2962 qui
1292 2879 1330 2943 in
1359 2896 1399 2945 ea

253 2993 547 3092 perturbatione
578 2984 759 3091 naturam,
787 3010 859 3060 non
889 2993 1078 3071 rationem,
1112 3000 1297 3078 sequatur.
1326 2994 1399 3075 Qua
1511 3017 1515 3025 ·

278 3127 315 3175 re
328 3107 367 3175 fit
386 3115 422 3175 ut
437 3107 613 3174 sententia
630 3104 993 3174 utnoneottidiunu...
1009 3103 1170 3174 animum
1183 3108 1401 3176 uelutinter-

279 3224 408 3308 positio
423 3223 602 3308 quaedam
620 3222 791 3308 (παρένθεσις)
816 3224 908 3291 inter
934 3220 1092 3310 suisset...
1115 3220 1248 3312 aliquot
1271 3220 1341 3290 dies
1366 3232 1400 3292 et

278 3337 361 3406 dum
376 3344 520 3424 eepecto,
548 3345 629 3417 ete,
653 3339 888 3420 interimatur,
913 3346 1020 3425 atque
1037 3343 1191 3407 uerbum
1203 3334 1400 3407 Phaedriae

280 3476 295 3519 u
314 3451 423 3532 dudio
446 3455 582 3540 »quasi
602 3455 731 3523 excitet
751 3461 785 3522 et
806 3456 992 3540 producat.
1337 3522 1357 3549 „
1452 3533 1455 3536 ,

323 3571 421 3637 Hane
469 3570 802 3656 interpretationem
851 3571 1024 3638 orationis
1071 3572 1298 3640 continuatio
1337 3549 1400 3639 uel
1475 3559 1477 3563 ’

281 3687 438 3753 maxime
459 3686 662 3753 confirmat.
685 3686 774 3754 Nam
791 3705 910 3772 neque
939 3687 1137 3772 Antiphoni
1162 3681 1318 3754 dubium
1347 3694 1401 3756 est

278 3802 367 3888 quin
380 3807 481 3887 pater
495 3801 532 3867 in
550 3820 588 3867 se
609 3802 762 3888 benigna
777 3801 963 3870 uoluntate
978 3803 1124 3870 iuturus
1145 3804 1190 3871 sit
1208 3804 1263 3886 (oi.
1277 3823 1313 3871 u.
1337 3804 1400 3872 153

278 3922 316 3984 ut
336 3915 397 4005 qui
411 3914 499 3982 mihi
518 3898 710 3983 consultum
724 3915 849 4003 optime
864 3913 948 3984 uelit
963 3917 1054 4004 esse),
1074 3937 1191 4004 neque
1206 3920 1401 3987 Phaedriae

279 4032 368 4120 quin
384 4016 493 4100 irater
510 4051 712 4117 numquam
733 4033 778 4098 ab
795 4052 906 4101 uxore
921 4033 1178 4101 distrahendus
1194 4036 1240 4102 sit
1254 4034 1313 4117 (ol.
1337 4035 1400 4101 lot

279 4145 342 4214 tibi
355 4146 441 4236 quio
454 4155 601 4233 superest
622 4143 719 4225 dolet,
741 4148 804 4214 161
828 4167 912 4214 uum
933 4155 995 4215 tuo
1019 4147 1158 4236 quidem
1187 4147 1294 4217 hercle
1313 4156 1401 4217 11111

256 4255 257 4258 ’
279 4261 357 4329 uita
372 4260 453 4328 hoec
469 4260 653 4347 eepetendo
673 4261 891 4350 optandaque
901 4272 958 4344 est,
978 4266 1042 4332 169
1058 4263 1150 4352 quod
1163 4264 1301 4332 huben...
1318 4284 1402 4332 uaro-

278 4374 556 4445 remunerante
578 4374 839 4466 surmupolum).
948 4417 958 4427 ψ»
1049 4388 1069 4425 s
1103 4423 1113 4428 κ»
1208 4421 1246 4432 ··
1416 4388 1419 4392 “
