3360 5656
668 702 670 705 .
755 657 914 720 ..69-

273 851 372 912 certo
386 844 593 913 testimonio
608 844 799 912 firmatur:
821 842 904 912 dum
926 843 991 912 hoe
1010 841 1274 926 deperderetur,
1296 847 1395 914 nulla

275 961 425 1029 oflensio
444 968 498 1029 est
518 960 555 1027 in
571 962 748 1029 uoeahulo
762 958 907 1039 saluom,
930 961 1103 1047 quoniam
1118 959 1241 1028 uenire
1259 958 1394 1029 saluom

276 1076 388 1145 solida
404 1083 458 1144 est
473 1077 618 1158 locutio,
636 1096 728 1163 quae
748 1077 838 1144 nihil
854 1077 953 1145 atiud
973 1096 1083 1162 quam
1104 1075 1226 1144 uenire
1249 1078 1356 1146 ualet.

275 1270 411 1333 eume.
457 1271 554 1344 Quin,
570 1273 660 1349 quod
676 1277 788 1350 opust,
804 1271 1005 1333 beneficium
1028 1289 1164 1333 rursum
1188 1272 1218 1333 ei
1244 1273 1392 1351 experia-

851 1368 944 1446 [mur
958 1368 1186 1448 (experiemur
1201 1371 1240 1446 At
1255 1372 1395 1432 reddere

319 1529 385 1611 Qui
402 1527 617 1614 reperiemur
636 1529 795 1610 laudant,
824 1529 1122 1616 interrogatiuam
1153 1531 1289 1598 iaciunt
1318 1550 1398 1599 sen-

275 1646 424 1713 tentiam
448 1643 574 1733 quin...
605 1641 755 1712 reddere.
788 1647 831 1712 At
857 1645 886 1713 si
916 1664 973 1713 res
998 1646 1044 1712 ita
1071 1664 1108 1712 se
1136 1648 1294 1720 haberet.
1324 1666 1397 1715 non

275 1763 397 1837 futuro
427 1744 601 1845 tempore,
630 1761 693 1827 sed
719 1766 905 1846 praesente
936 1767 1038 1846 poeta
1067 1780 1156 1829 usus
1172 1768 1288 1843 esset;
1313 1782 1396 1829 nam

276 1876 362 1964 quin
377 1874 593 1962 experiemur
608 1876 844 1944 soloecismus
860 1882 923 1943 est.
944 1877 1010 1944 Pro
1026 1884 1123 1944 eerto
1144 1877 1253 1964 igitur
1282 1879 1395 1947 haheo

276 1990 495 2078 eeperiomur
515 1999 609 2059 reete
626 1992 661 2058 in
678 1991 907 2078 Calliopianis
924 1993 1101 2078 seriptum
1112 2011 1212 2060 esse:
1229 1994 1396 2062 hioenim

275 2114 330 2176 est
349 2107 607 2175 subiunctiuus
628 2108 690 2192 qui
711 2107 843 2174 dieitur
869 2108 1141 2187 adhortatiuus;
1160 2107 1247 2192 quin
1275 2117 1411 2198 autem·

276 2225 371 2291 idem
387 2230 495 2309 atque
510 2221 616 2289 immo
629 2223 807 2310 signifieat
828 2222 887 2305 (ei.
905 2221 1001 2293 inerte
1021 2221 1112 2290 hone
1128 2221 1305 2309 potiemur
1320 2223 1398 2313 fieri

277 2337 450 2416 miserum,
470 2360 505 2406 u.
528 2339 614 2422 536).
1318 2334 1320 2337 ’

278 2541 414 2605 04737.
459 2543 520 2617 Qui
535 2550 584 2605 est
596 2544 669 2604 eius
680 2551 785 2622 pater.
800 2578 838 2584 —
850 2544 1094 2617 iidem-maneo,
1108 2545 1189 2605 dum
1203 2543 1341 2639 eaihaee
1356 2543 1395 2621 Α)

835 2644 931 2721 [quae
945 2643 1096 2722 loquitur
1112 2644 1219 2720 magis
1232 2659 1397 2721 cognosco
1489 2723 1493 2738 „

320 2803 425 2889 Apud
450 2802 608 2870 comicos
629 2808 750 2887 poetas
770 2799 824 2868 hie
844 2803 981 2889 primae
1003 2821 1175 2888 personae
1196 2822 1396 2889 pronomen

276 2925 341 2998 est,
363 2916 423 2985 iste
439 2918 630 2997 secundae,
657 2915 715 2984 iiie
735 2919 870 2987 tertiae.
899 2919 971 2986 Hoc
990 2938 1114 2995 uersu,
1142 2927 1287 3004 propter
1309 2938 1398 3008 quae

277 3031 441 3122 loquitur,
458 3052 604 3101 neeesse
620 3041 673 3101 est
688 3030 750 3101 iliu
767 3035 943 3114 adhiberi,
957 3041 1030 3113 aut,
1049 3041 1087 3101 ut
1104 3035 1140 3101 in
1154 3034 1395 3121 Calliopianis.

277 3168 477 3237 pronomen
493 3150 669 3216 uicarium
693 3167 743 3215 ed.

207 3378 212 3384 ·
277 3351 339 3415 95.
353 3353 422 3415 761.
468 3352 547 3414 Sine
562 3360 676 3413 nostra
687 3369 778 3426 eura,
798 3355 944 3414 maxima
960 3372 1019 3414 sua
1033 3371 1111 3415 eura
1125 3353 1289 3431 haee(om.
1305 3355 1398 3416 Ahio

902 3449 1044 3525 idonei.)
1059 3452 1128 3512 sola
1145 3452 1249 3528 (solus
1265 3451 1305 3527 Α)
1319 3453 1397 3514 iecit
1500 3536 1505 3545 .

320 3613 460 3680 Hoome
471 3612 574 3698 fugit,
588 3631 700 3697 quare
716 3613 967 3680 critioiomnes
984 3615 1020 3678 in
1032 3613 1260 3698 Calliopianis
1275 3615 1396 3682 uerbis
1445 3616 1446 3619 ’

277 3729 466 3797 reiciendis
488 3730 689 3814 pertinaces
705 3730 789 3809 sint,
807 3749 891 3796 otim
910 3729 1098 3814 Sophrona
1122 3730 1278 3797 dilucide
1301 3750 1397 3798 asse·
1448 3771 1452 3779 ·

276 3851 377 3911 neret
397 3840 532 3929 ipsese
548 3863 624 3912 rem
648 3845 849 3911 ahsoluisse
866 3852 917 3925 (rt
937 3844 1038 3930 potui
1053 3852 1201 3930 nuptum
1221 3843 1398 3931 uirpinerrt

275 3957 401 4039 iocari,
417 3980 450 4026 u.
472 3959 558 4040 752),
576 3979 736 4046 eumque
751 3961 937 4027 Terentius
952 3962 1148 4045 Antiphoni
1167 3961 1275 4028 molle
1295 3962 1403 4047 inge-¹

276 4075 378 4141 nium
395 4074 621 4160 inertemque
635 4075 800 4141 animum
813 4076 1106 4144 conformauerit.
1125 4075 1216 4155 Quid
1232 4076 1300 4142 sihi
1317 4079 1398 4143 uult

274 4187 426 4256 menime
447 4208 510 4256 sno
531 4209 627 4270 euro,
645 4191 675 4258 si
696 4190 866 4257 Chremes
887 4191 1131 4276 Antiphonem
1150 4189 1310 4278 cogitat?
1327 4192 1396 4259 nisi

276 4307 366 4373 iorte
398 4307 541 4373 subtilis
572 4306 630 4373 iile
659 4307 846 4374 Terentius
876 4306 1102 4373 Chremetem
1132 4309 1169 4374 in
1196 4309 1263 4375 hoe
1293 4309 1397 4400 graui

277 4427 440 4507 tempore
456 4422 652 4489 ridiculum
669 4441 747 4488 esse
768 4421 912 4488 statuit!
1020 4459 1021 4464 =
1080 4457 1086 4466 ·
