3360 5656
543 1329 933 1430 PROOEMIUM

662 1575 793 1592 m

224 1867 263 1936 1.
290 1863 356 1945 Qui
376 1863 563 1948 scriptoris
585 1863 776 1933 cuiusdam
797 1862 931 1934 ueteris
951 1863 1151 1933 orationem
1177 1881 1299 1933 ernen-

179 1981 264 2049 dare
297 1998 339 2050 ac
385 1979 574 2051 restituere
616 1978 683 2048 sibi
717 1984 995 2064 proposuerunt,
1036 1997 1121 2050 eum
1162 1978 1297 2050 librum

180 2095 412 2181 potissimum
433 2095 564 2162 ducem
587 2093 690 2178 sequi
710 2093 910 2161 decernunt
935 2094 996 2179 qui
1021 2093 1089 2161 sibi
1119 2093 1299 2179 antiquis-

179 2211 296 2279 simus
331 2209 497 2279 omniurn
534 2209 712 2295 scriptura
751 2209 930 2282 uideatur.
972 2209 1077 2275 Hand
1116 2209 1298 2283 immerito

179 2324 340 2409 quidem.
358 2323 447 2390 Nam
465 2322 664 2392 uerisimile
679 2329 733 2389 est
747 2322 852 2391 iilum
868 2341 952 2390 curn
965 2323 1073 2391 etiam
1083 2323 1298 2407 antiquioris

178 2440 261 2509 libri
287 2439 483 2525 imaginem
508 2438 672 2524 proxime
702 2438 847 2518 reterre,
875 2444 952 2507 tum
990 2438 1112 2511 minus
1149 2457 1299 2525 corrup-

178 2562 299 2626 torum
313 2573 438 2623 eorum
454 2555 648 2623 uerborum
662 2555 840 2639 recepisse
851 2572 943 2638 quae
957 2553 1110 2641 singulis
1123 2555 1299 2644 aetatibus
1331 2538 1334 2544 ’

179 2670 312 2752 singuli
334 2670 470 2739 librarii
491 2670 549 2739 uei
569 2670 749 2762 imperitia
767 2668 825 2737 uel
842 2670 1065 2756 neglegentia
1086 2669 1300 2756 fingere‘aut

123 2783 126 2790 ’
178 2786 369 2856 admittere
403 2785 530 2853 solent.
562 2785 788 2869 Quanquam,
823 2785 911 2853 durn
949 2784 1008 2855 tati
1039 2784 1131 2852 libro
1165 2780 1299 2854 temere

179 2901 378 2982 confidunt,
405 2901 606 2986 periculum
633 2906 687 2967 est
711 2918 755 2966 ne
777 2900 921 2985 saepius
943 2900 1181 2987 decipiantur,
1221 2901 1299 2968 siue

179 3019 251 3098 iiie,
283 3018 481 3090 abeodem
513 3016 711 3101 exemplari
741 3034 813 3100 quo
847 3016 955 3084 ceteri
985 3016 1178 3101 protectus
1211 3017 1299 3084 uitio

180 3141 300 3206 tamen
321 3133 551 3200 librariorum
571 3132 737 3217 pluribus
752 3131 894 3201 rncndis
910 3132 1122 3220 inquinatus
1138 3137 1203 3213 est,
1222 3133 1300 3199 siue
1340 3196 1343 3201 .

179 3251 396 3320 recentiores
430 3249 512 3317 nori
545 3248 732 3315 meliorem
768 3248 925 3332 stirpem·
954 3248 1113 3333 profiteri
1148 3255 1300 3333 possunt

178 3373 286 3450 atque
315 3364 464 3433 meliora
488 3364 598 3431 uerba
621 3363 760 3432 aderre.
788 3363 911 3450 ltaque
939 3381 1011 3433 uon
1043 3363 1299 3446 praeferendus

178 3482 245 3548 erit
279 3481 369 3547 iiber
401 3479 578 3547 uetustior
609 3478 693 3562 quia
724 3479 914 3555 uetustior,
946 3479 1008 3544 sed
1039 3479 1123 3563 quia
1157 3479 1300 3565 dignior

179 3597 378 3681 reperietur
398 3595 460 3679 qui
482 3585 783 3680 prinlumiocum
805 3594 975 3660 obtineat.

224 3837 263 3903 2.
287 3837 450 3902 Primum
467 3836 586 3922 'igitur
607 3835 880 3902 diiudicandum
907 3841 961 3902 est
986 3853 1057 3919 qno
1080 3837 1176 3902 ionte
1196 3838 1299 3903 cadat

180 3953 251 4034 ilie,
267 3947 459 4037 proprione
475 3970 520 4020 an
536 3970 620 4017 cum
642 3951 722 4017 aliis
742 3951 961 4035 quibusdam
980 3951 1037 4017 uel
1054 3970 1139 4017 oum
1154 3951 1300 4017 uniuer-

180 4069 230 4135 sis
251 4068 422 4136 omnibus
443 4067 652 4146 communi3
675 4068 703 4131 si
723 4068 879 4151 proprie,
903 4073 981 4133 turn
1004 4066 1298 4152 inuestigandum

180 4185 313 4269 quibus
347 4182 502 4262 indiciis,
534 4202 626 4268 quae
658 4184 695 4248 in
724 4183 900 4262 numeris,
931 4183 968 4247 in
999 4183 1194 4248 uerborum
1228 4202 1297 4251 usu

180 4307 422 4378 structuraue,
445 4300 482 4369 in
499 4307 592 4366 recte
608 4298 787 4369 scribendi
806 4298 954 4368 scientia
973 4299 1094 4378 latent,
1113 4317 1155 4367 ex
1174 4305 1299 4369 uetus-

180 4417 270 4486 tiore
294 4422 357 4481 aut
383 4415 582 4481 recentiore
613 4414 811 4499 exemplari
840 4420 951 4509 ortus!
974 4420 1212 4502 agnoscatur;
1243 4415 1299 4480 sin
