3360 5656
897 615 1055 677 ,76-

417 800 516 867 100.
540 804 630 866 lona.
674 803 712 864 In
732 805 894 864 Lemno...
919 799 974 865 CH
992 801 1069 878 (llll.
1092 804 1132 873 Al
1152 805 1246 877 Hem,
1271 805 1352 883 quid
1373 805 1447 867 ais?
1469 804 1538 867 DE.

697 890 789 967 [loll.
800 892 838 968 Α)
852 891 1147 953 Nontaees‘lPH...
1159 893 1244 954 olam
1257 900 1299 955 te.
1314 894 1375 955 CH.
1389 895 1424 955 Ei
1437 896 1538 956 mihi.

459 1027 524 1109 Qnr
546 1027 756 1094 Terentiana
784 1026 944 1093 oratione
966 1026 1174 1106 delectatur,
1203 1026 1232 1094 is
1262 1047 1348 1094 sane
1371 1029 1542 1114 indigna-

415 1143 510 1217 bitur
539 1144 634 1228 quod
670 1143 706 1207 in
734 1142 907 1208 Bembino
941 1142 1114 1227 Demipho
1147 1142 1245 1227 prior
1276 1144 1538 1211 Phormionem
1646 1177 1649 1182 v

413 1259 628 1345 interpellat,
649 1277 734 1324 cum
755 1259 925 1325 Chremes
951 1256 1063 1324 uerbo
1089 1260 1212 1324 Lemno
1234 1259 1356 1327 andito
1379 1261 1539 1345 trepidet

412 1393 457 1444 ne
481 1375 660 1462 parasitus
685 1393 792 1440 suum
816 1374 955 1440 lacinus
982 1374 1160 1458 loquendo
1180 1374 1330 1461 detegat,
1356 1376 1537 1460 Demipho

410 1495 531 1562 autem
552 1490 589 1555 in
612 1491 678 1556 hae
698 1508 735 1555 re
757 1490 860 1573 plane
881 1507 1031 1556 securus
1053 1489 1098 1556 sit
1126 1489 1216 1569 Quin
1235 1491 1347 1558 immo
1363 1492 1536 1575 suspicor

408 1604 578 1693 equidem
606 1607 831 1673 Chremetem
861 1605 969 1670 eliam
997 1605 1106 1671 uerba
1136 1623 1207 1670 non
1233 1613 1317 1672 tures
1342 1625 1412 1673 una
1444 1626 1533 1674 oum

408 1717 483 1791 leem
507 1718 591 1809 quid
612 1718 674 1796 nis,
700 1719 896 1786 summissa
919 1738 1005 1786 uoce
1030 1727 1064 1786 et
1086 1720 1189 1803 quasi
1213 1719 1394 1787 inaurem
1416 1722 1534 1789 Phor-

407 1838 539 1905 mionis
566 1837 741 1914 emittere,
770 1843 877 1919 alque
906 1835 942 1900 in
973 1835 1071 1901 libris
1097 1842 1220 1902 notam
1246 1854 1419 1921 personae
1448 1845 1534 1922 post

405 1950 492 2043 pald
519 1949 572 2018 oia
601 1953 689 2018 talso
713 1969 791 2018 esse
815 1951 986 2030 additam,
1017 1957 1056 2017 ut
1083 1951 1123 2016 tit
1149 1970 1440 2037 nonnumquam,
1465 1955 1531 2021 uhi

404 2068 721 2154 interrogationem
746 2067 976 2152 interrogatio
997 2067 1106 2133 altera
1126 2067 1291 2152 sequitur
1307 2069 1361 2150 (ot.
1381 2089 1415 2135 u.
1433 2069 1528 2151 old).

404 2264 504 2326 110.
530 2264 618 2326 1054.
664 2264 718 2323 Pol
740 2280 818 2323 nero
835 2280 928 2323 uoco.
945 2259 1010 2323 ol).
1030 2260 1109 2337 (PH.
1129 2266 1167 2338 Al
1184 2265 1306 2324 Eamus
1325 2263 1414 2324 intro
1431 2265 1526 2328 hine.

809 2349 886 2427 tlte.
904 2349 983 2425 (ΝΑ.
1000 2353 1038 2416 Al
1053 2352 1132 2412 Fiat.
1148 2353 1209 2414 Sed
1226 2353 1282 2414 uhi
1297 2360 1346 2414 est
1361 2354 1525 2417 Phaedria

661 2441 765 2502 Iudex
780 2441 915 2501 noster?
933 2438 998 2501 PH.
1017 2442 1083 2501 lam
1102 2442 1155 2503 hie
1171 2443 1247 2503 laxo
1263 2443 1381 2503 aderit.

445 2577 522 2644 Non
549 2576 757 2647 Phormioni
787 2576 1016 2642 attribuenda
1040 2583 1124 2642 snm
1152 2577 1261 2643 nerha
1286 2594 1402 2642 antuus
1426 2574 1525 2644 intro

400 2688 491 2772 ltine,
506 2692 679 2777 quoniam
701 2690 760 2756 ille
780 2710 888 2757 uersu
912 2692 1108 2775 posteriore
1124 2710 1162 2758 se
1177 2692 1249 2757 iam
1269 2692 1454 2758 abiturum
1477 2695 1524 2759 ad

399 2807 610 2874 Phaedriam
634 2807 883 2892 quaerendum
905 2806 1082 2892 signifieat
1094 2804 1181 2888 ,llum
1205 2804 1258 2872 ln
1276 2805 1357 2893 suno
1377 2804 1520 2893 oderit).

397 2923 500 3003 Tum,
520 2928 770 3009 praeterquam
794 2922 889 3006 quod
912 2941 1039 3006 parum
1063 2922 1260 2988 uerisimile
1276 2929 1329 2990 est
1350 2921 1523 2990 Chreme-

397 3045 468 3105 tem
487 3040 662 3124 usquead
680 3038 789 3104 tinem
807 3038 947 3116 iahulae
964 3037 1149 3104 silentium
1166 3038 1338 3114 obtinere,
1353 3038 1390 3103 in
1407 3039 1521 3105 huius

396 3173 456 3220 ore
477 3154 651 3238 majorem
673 3153 886 3239 grauitatem
910 3153 1014 3219 hahet
1038 3152 1293 3238 interrogatio:
1314 3150 1371 3217 aad
1391 3148 1452 3218 ubi
1473 3161 1522 3219 eat

423 3259 568 3335 huedria
592 3265 696 3336 t'ttdrn
716 3269 866 3348 nostem,
894 3268 976 3352 qnia
1003 3268 1039 3332 in
1064 3269 1186 3334 uxoris
1213 3268 1368 3354 gratiam
1399 3269 1520 3336 redire

394 3385 550 3471 gestiens
568 3402 638 3453 uon
660 3384 799 3476 dubitat
820 3383 908 3467 quin
924 3383 1096 3467 Phaedria
1112 3384 1208 3466 apud
1224 3401 1303 3449 eam
1321 3384 1430 3449 uerba
1449 3402 1518 3468 pro

394 3519 432 3568 se
452 3500 558 3567 faeiat
578 3498 638 3584 (l).

424 3703 446 3750 l.
467 3701 531 3748 Vide
550 3713 632 3761 quam
650 3700 744 3749 infelix
763 3701 798 3747 sit
817 3701 925 3748 critico·
981 3713 1061 3747 uersu
1087 3699 1148 3748 1046
1167 3700 1351 3749 Nausistralae
1375 3702 1515 3761 assentiri,

391 3776 454 3815 rum
469 3763 552 3810 labor.
571 3763 616 3810 llis
634 3763 756 3811 uersibus
771 3778 776 3806 z
980 3766 1009 3810 ut
1024 3766 1086 3822 pole
1100 3763 1147 3823 qui
1161 3763 1251 3811 uirum
1266 3775 1327 3810 enm
1341 3776 1426 3812 uxore
1437 3777 1516 3811 oom-

392 3825 503 3875 toto-48.
539 3823 922 3884 Quodislnhehitiaoiam.PH.
979 3837 1078 3884 ponere
1101 3825 1213 3872 minime
1237 3825 1336 3884 cupiat.
1360 3825 1426 3873 Tum
1450 3827 1515 3886 quis

562 3885 671 3948 [Mulier
685 3888 791 3946 sapiens
807 3900 843 3947 es,
858 3887 924 3934 Nau·
979 3901 1031 3934 non
1059 3888 1133 3934 uidet
1159 3900 1240 3934 uersu
1270 3887 1331 3935 1048
1357 3887 1514 3935 Nausistra-

791 3948 921 4010 [sistrata.
979 3952 1034 3996 tam
1048 3949 1207 4010 pronomine
1221 3951 1251 3996 tu
1263 3949 1415 3997 adhibendo
1428 3949 1513 3998 aliam

538 4009 589 4058 NA.
612 4011 687 4059 Satin
708 4011 756 4058 tibi
781 4010 843 4058 est‘?
866 4010 921 4059 Pil.
978 4025 1120 4071 personam
1138 4010 1302 4072 compellare
1320 4014 1401 4072 atque
1420 4012 1514 4072 priore

540 4071 922 4190 J<Satisl>dmmoueropul
978 4087 1058 4121 uersu
1076 4072 1304 4134 oompellaneril‘l
1327 4073 1408 4122 Recte
1424 4074 1514 4135 igitur

551 4136 616 4182 chre
627 4136 734 4183 discedo
744 4139 771 4183 et
784 4137 866 4195 probe
977 4136 1127 4184 Richardus
1137 4135 1248 4196 Bentley
1257 4134 1413 4184 Phormioni
1422 4135 1515 4185 Demi-

536 4198 567 4246 Et
585 4200 694 4258 praeter
713 4211 798 4258 spem.
815 4197 921 4248 Nlla
976 4198 1094 4258 phonem
1123 4211 1204 4246 uersu
1234 4196 1307 4251 1046,
1327 4196 1511 4247 ⁴Chremetem

558 4260 607 4307 tihi
626 4272 722 4308 nomen
738 4260 780 4306 dio
795 4261 919 4319 quidest.
977 4273 1056 4308 uersu
1079 4261 1228 4321 posteriore
1249 4260 1400 4308 substituit.
1425 4261 1512 4310 Nemo

559 4321 611 4369 PH.
627 4321 733 4370 lllihin‘?
749 4322 874 4368 Phormio
977 4326 1067 4370 tamen
1082 4336 1144 4370 eum
1160 4322 1248 4370 adhuc
1265 4324 1422 4370 constanter
1435 4335 1510 4372 secu·

387 4383 918 4434 manllestaestnotarumcommutatio.
976 4388 1021 4432 tus
1049 4389 1098 4444 est,
1130 4386 1168 4433 ita
1196 4384 1321 4433 Bembini
1349 4386 1511 4445 superstitio

387 4445 454 4494 Nem
481 4446 630 4495 absurdum
657 4447 699 4494 est
730 4445 920 4495 Phormionem
975 4445 1138 4508 praeualull.
1184 4455 1187 4460 ·
1243 4472 1272 4477 Α»
1377 4469 1381 4475 ·
1439 4475 1443 4479 ·
