3360 5656
654 657 814 728 „13-

173 851 243 914 too.
286 846 390 913 Neruo
406 869 447 914 ex
464 867 516 913 me
528 851 637 913 scibit.
651 884 689 895 -—
699 827 846 931 Sequere
863 867 914 913 me
928 866 934 925 ;
948 853 1040 913 intus
1054 859 1162 912 cetera
1176 852 1293 913 audies

173 1003 211 1069 in
231 1004 413 1071 trochaico
433 1004 649 1088 septenario,

174 1153 262 1222 1047.
302 1163 402 1226 vSatin
419 1162 479 1223 tibi
494 1162 568 1224 est?
581 1197 619 1204 —
633 1163 740 1223 Immo
754 1180 834 1223 uero
847 1163 986 1240 pulchre
1002 1163 1138 1224 discedo
1149 1169 1181 1223 et
1193 1161 1295 1239 probe

173 1316 210 1382 2⁰
229 1323 289 1384 aut
319 1334 450 1386 uersus
470 1320 659 1398 claudicat,
683 1317 767 1404 quia
798 1320 953 1386 uerbum
979 1320 1197 1405 quoddamc
1217 1319 1296 1386 loco

175 1430 316 1491 motum
336 1432 402 1505 cst,

175 1580 243 1644 958.
287 1576 389 1645 Vides
402 1590 575 1661 peccatum
592 1590 684 1644 tuom
701 1601 773 1644 esse
788 1584 912 1644 elatum
927 1584 1017 1645 toras

176 1743 238 1827 qni
255 1762 386 1809 uorsus
407 1745 634 1822 resarcietur‚
648 1743 683 1809 oi
702 1749 876 1827 peccatum
896 1750 978 1810 ante
998 1741 1092 1829 soron
1113 1744 1296 1828 posuerim

175 1864 238 1925 aut
253 1859 337 1944 quia
358 1865 412 1925 est
431 1865 697 1926 commutatum
715 1859 772 1925 nel
793 1859 1050 1938 deformatum,

198 2021 254 2103 tt„
291 2018 427 2086 Nullum
445 2018 599 2087 inuenire
614 2023 790 2103 prologum
808 2006 972 2104 potuisset
992 2044 1098 2087 nouos

177 2126 246 2195 598.
291 2131 444 2194 Amicum
463 2148 534 2194 esse
550 2142 649 2210 quani
664 2126 859 2210 Antiphoni.
878 2132 1054 2193 Hominem
1069 2134 1109 2194 ad
1127 2132 1237 2194 iorum

179 2296 241 2363 ubi
273 2296 466 2381 tegendum
493 2296 644 2363 fortasse
661 2303 739 2381 pote
761 2303 839 2362 essct
861 2314 924 2381 pro
941 2294 1178 2381 pumturum
1203 2302 1299 2363 certo

177 2428 243 2476 cccc
263 2430 328 2496 pro
344 2428 419 2476 csso.
787 2415 788 2420 ’

223 2518 323 2592 Adde
349 2527 445 2593 locos
469 2526 530 2592 ubi
562 2545 684 2592 rerum
717 2521 940 2594 continuatio
971 2529 1093 2612 aliquo
1123 2502 1301 2594 uocabulo

180 2642 385 2708 intermissa
408 2649 473 2719 est,
501 2642 606 2708 cuius
630 2643 686 2707 uis
711 2661 796 2708 cum
818 2642 949 2709 uicinis
973 2644 1070 2709 haud
1095 2661 1300 2729 congruens

180 2765 245 2836 est,
269 2764 309 2824 ut
328 2775 446 2841 umore
462 2758 499 2823 in
520 2758 588 2824 hoc
604 2775 727 2837 uersu,

181 2917 249 2977 175.
295 2915 450 2978 Retinere
475 2933 588 2976 amare
614 2917 788 2990 amittere3
812 2934 872 2995 ego
895 2919 929 2977 in
956 2935 1032 2979 eum
1056 2912 1161 2980 incidi
1182 2918 1302 2979 infelix

1119 3013 1241 3094 [locum
1260 3015 1302 3092 (1)
1378 3063 1382 3067 .

182 3139 343 3234 Denique
359 3148 503 3233 saepius
523 3148 641 3214 addita
664 3156 748 3215 sunt
770 3150 946 3216 uocabula
969 3151 1147 3235 quaedam
1170 3151 1304 3217 redun-

182 3265 315 3344 dantia,
343 3265 477 3350 quibus
495 3265 689 3330 interiectis
712 3265 876 3330 laborant
897 3267 1004 3332 modo
1022 3267 1177 3346 numeri,
1196 3268 1303 3333 niodo

181 3380 359 3448 sententia
380 3399 451 3445 una
472 3399 556 3447 curn
578 3380 753 3458 numeria
782 3381 901 3464 qualia
921 3380 958 3446 in
981 3381 1037 3447 his
1054 3382 1235 3462 uersibnS,

182 3544 251 3609 931.
298 3548 347 3622 [in
370 3544 423 3609 ius
444 3562 480 3606 er
499 3560 592 3606 uersu
615 3543 689 3624 936]
711 3549 899 3610 enimuero
924 3549 951 3609 si
978 3562 1077 3626 porro
1102 3566 1174 3610 csse
1196 3550 1304 3611 odiosi

943 3715 946 3719 ,
1154 3646 1305 3725 [pergitis

183 3751 253 3813 505.
300 3752 412 3830 Neque
423 3770 500 3814 curn
513 3752 613 3812 huius
628 3752 718 3812 modi
732 3770 892 3830 umquam
908 3753 968 3814 tibi
981 3764 1061 3814 usus
1074 3755 1168 3815 uenit
1178 3761 1215 3815 ut
1228 3770 1304 3816 con·
1338 3748 1340 3751 ’

808 3851 953 3912 ilictares
969 3852 1074 3927 t-aris
1089 3851 1129 3927 Α)
1144 3853 1232 3913 malo
1248 3851 1303 3929 111.

184 3947 254 4008 515.
299 3947 453 4024 Optundc
477 3947 504 4022 (-
520 3948 571 4008 dis
587 3947 638 4022 A).
656 3981 693 3988 —
719 3948 812 4009 Haud
839 3949 977 4026 longum
1004 3956 1053 4010 est.
1078 3951 1110 4010 id
1128 3951 1307 4027 quoderat

649 4080 651 4085 ·
729 4042 815 4123 [tom.
838 4043 899 4120 Ut,
917 4047 1028 4121 Dorio,
1044 4055 1159 4108 exoret
1173 4049 1246 4109 sino
1263 4047 1306 4125 (3)

186 4197 255 4262 Sed
269 4190 328 4262 hic
340 4197 445 4283 iocus
463 4197 520 4262 oei
535 4197 693 4262 maxime
709 4197 928 4281 conspicuus
950 4204 1014 4278 est,

219 4388 302 4446 11)(11.
318 4390 345 4437 L.
360 4382 454 4450 lineet,
469 4387 600 4436 novueue
616 4387 719 4436 Ptttct.
808 4388 895 4450 12161.
913 4389 939 4437 L.
959 4389 1053 4455 flavet,
1070 4400 1115 4451 op.
1134 4389 1189 4445 ott,
1210 4400 1235 4451 p.
1251 4384 1307 4440 31111.

187 4451 255 4500 XXV
272 4450 363 4514 (1901),
381 4464 406 4512 p.
420 4451 460 4500 99.
808 4450 841 4512 (3)
858 4446 898 4501 Gi.
915 4448 942 4499 L.
963 4448 1057 4512 flavet,
1073 4460 1118 4514 op.
1135 4451 1193 4515 ott,
1208 4466 1235 4514 p.
1252 4449 1307 4504 om.
