3360 5656
753 588 914 647 ..43-

275 772 391 842 desiste
408 775 595 860 usurpari3
615 775 744 843 deinde
758 772 831 841 ium
846 775 984 860 optime·
996 792 1081 843 cum
1098 770 1211 840 desiuc
1226 773 1398 860 coniungi

276 891 402 958 solere.
425 890 644 971 Quinetiam
666 890 821 957 arbitror
846 890 1014 976 equidem
1035 887 1106 966 obe,
1130 887 1203 956 tou
1223 885 1337 955 tutuo
1360 889 1398 955 in

275 1006 345 1074 aiio
369 1006 581 1074 Terentiano
607 1025 716 1072 uersu
745 1006 874 1072 inesse.
901 1005 1141 1090 Inspiciamus
1171 1003 1268 1070 enim
1300 1005 1399 1071 hunc

276 1121 397 1188 iocum
416 1139 423 1186 :
856 1138 857 1142 ¹

278 1253 728 1361 Pbo.,375.GE.'Quisbomo
739 1283 1003 1349 esttebem.DE.
1015 1287 1108 1348 Tace.
1119 1281 1182 1348 GE
1192 1285 1398 1348 Absentitibi

464 1386 506 1446 Te
521 1386 679 1463 indignas
693 1402 795 1463 seque
808 1384 929 1462 dignas
942 1383 1175 1458 contumelias.
1288 1388 1289 1392 ’

373 1483 443 1544 377.
457 1484 495 1543 Α.
515 1479 593 1543 Coti.
614 1483 804 1560 Numquam
822 1482 1285 1558 cessauitdicerebodietom.
1305 1478 1400 1555 Coti.)

828 1624 831 1632 ‚
1183 1577 1263 1658 [bn.
1280 1580 1400 1641 Desine

458 1679 521 1739 bu.
541 1678 731 1755 Numquam
744 1678 888 1738 cessauit
904 1678 1025 1739 dicere.
1041 1674 1104 1739 DE.
1120 1677 1188 1739 Hoe
1203 1678 1322 1755 (Hodie
1342 1675 1399 1758 θ’)

1179 1772 1261 1855 [iam
1285 1776 1401 1838 desine

323 1918 435 1999 Quam
455 1917 534 1984 uim
554 1914 662 1992 bodie«
675 1917 804 1983 babeat
819 1917 931 1984 iateor
951 1916 1120 2003 equidem
1136 1936 1280 1985 menon
1294 1918 1402 1986 intei-

279 2033 409 2120 legere‚
430 2032 599 2120 nisiGeta
625 2031 828 2118 significare
848 2031 935 2098 uelit
963 2031 1219 2100 Phormionem
1243 2034 1404 2119 superio-

279 2150 380 2216 ribus
405 2148 533 2217 diebus
562 2167 582 2214 a
610 2146 842 2214 contumeliis
871 2165 954 2234 erga
984 2145 1243 2233 Demiphonem
1269 2155 1404 2234 tempe-

280 2264 431 2332 rauisse.
443 2264 628 2331 Praeterea
640 2263 708 2330 boc
723 2262 952 2343 aduerbium,
969 2268 1009 2330 ut
1025 2281 1097 2330 non
1114 2263 1159 2331 sit
1174 2271 1401 2349 corruptum,

280 2382 376 2448 baud
398 2397 464 2445 suo
491 2380 567 2446 ioco
587 2379 803 2446 collocatum
825 2384 890 2457 est,
913 2379 1047 2464 quippe
1076 2379 1172 2465 quod
1196 2386 1276 2464 post
1299 2398 1405 2447 uum-

280 2498 385 2585 quuuu
405 2495 463 2562 uei
479 2500 562 2562 ante
578 2487 688 2560 dicere
709 2494 919 2578 ponendum
939 2495 1007 2562 sit:
1025 2513 1118 2580 quae
1133 2497 1402 2576 transmutatio,

281 2611 310 2678 si
326 2608 522 2690 efficiatur,
546 2627 719 2676 numeros
744 2602 934 2676 disturbet.
957 2610 1194 2695 Perspicuum
1208 2617 1262 2678 est
1281 2617 1403 2678 autem

280 2743 473 2814 numquam
499 2722 641 2791 cestuuc't
670 2725 713 2790 ad
748 2724 907 2808 spatium
942 2726 1115 2810 temporis
1153 2728 1405 2794 tantummodo

282 2842 462 2927 pertinere
478 2839 575 2926 quod
591 2839 751 2906 sermoni
771 2840 897 2907 datum
914 2847 979 2920 est,
997 2858 1040 2907 ex
1056 2859 1128 2925 quo
1144 2840 1228 2908 Geta
1247 2849 1281 2910 et
1297 2843 1406 2911 Phor-

284 2957 357 3025 mio
377 2955 563 3041 congressi
588 2961 692 3033 sunt;
716 2960 795 3021 tum
817 2951 888 3031 obe,
913 2954 985 3021 tutu
1006 2953 1120 3023 deduc
1136 2957 1296 3024 maxime
1320 2977 1405 3026 cum

283 3081 358 3145 tuce,
376 3089 504 3138 uersus
528 3070 726 3154 superioris
752 3089 964 3137 consonare.
996 3070 1045 3137 Ne
1066 3071 1276 3139 dubitemus
1296 3074 1406 3160 igitur

285 3187 396 3254 libros
417 3186 471 3252 DG
495 3185 726 3270 potissimum
748 3185 851 3269 sequi
873 3183 932 3270 (t).
999 3167 1001 3170 Α

283 3353 527 3454 tineaene.
572 3380 612 3441 Vt
629 3397 669 3440 ne
681 3377 1407 3459 pauiuiumipaniumCotiiqnidemsuboIat

288 3501 289 3505 ¹
352 3502 354 3506 ·
629 3479 1270 3558 [isuboleatDGF⁴E)esseamicambanc
1282 3485 1408 3548 Cliniae

328 3645 405 3710 Non
419 3644 558 3735 negabo
579 3658 728 3708 uersum
746 3642 844 3709 bunc
857 3643 902 3709 ab
917 3643 1148 3711 emendatore
1160 3645 1318 3728 quodam
1330 3665 1409 3715 esse

211 3792 213 3794 ·
284 3764 529 3838 retractatum,
552 3759 614 3844 qui
633 3755 785 3824 stcboieot
807 3776 870 3842 pro
889 3755 1022 3825 subolet
1043 3761 1254 3843 reposuerit.
1274 3761 1407 3828 Verum

284 3875 438 3942 arbitror
458 3893 540 3941 eum
559 3874 594 3941 id
617 3873 732 3960 egisse
755 3873 853 3940 nuiia
876 3873 944 3940 alia
964 3893 1072 3941 causa
1095 3894 1205 3960 quam
1229 3882 1268 3943 ut
1291 3879 1410 3962 prisco

284 3997 318 4062 et
333 3991 493 4058 obsoieto
506 3989 686 4089 uocabulo
706 3995 880 4056 recenset
896 3989 1070 4056 usitatum
1083 3991 1306 4077 subrogaret.
1319 3992 1408 4059 Nam

316 4176 338 4223 i.
371 4175 498 4222 Arbitror
529 4174 653 4234 equidem
682 4174 816 4235 originem
872 4176 1020 4236 cogitatum
1034 4178 1075 4224 est
1086 4175 1128 4236 (ci.
1145 4171 1226 4224 toute
1240 4177 1270 4225 G¹
1288 4172 1339 4225 boe
1358 4178 1408 4237 θ’).

284 4238 366 4286 huius
388 4236 570 4297 corruptionis
599 4235 682 4283 inisse
703 4249 816 4296 prauam
873 4237 909 4284 De
932 4238 1129 4286 interiectionis
1158 4239 1354 4301 significatione
1382 4245 1410 4289 et

285 4300 420 4348 scribendi
437 4298 672 4354 consuetudinem,
690 4311 743 4359 qua
768 4293 818 4347 icoc
873 4312 933 4357 usu,
952 4299 985 4347 ci.
1008 4295 1068 4361 ohe,
1090 4301 1147 4348 tuuc
1169 4302 1239 4349 sutis
1261 4301 1332 4367 Cas,¹
1352 4303 1408 4363 249,

285 4363 334 4424 pro
349 4356 401 4409 otte
411 4359 586 4409 scriberetur.
601 4360 665 4408 inde
677 4355 758 4406 hodie
770 4369 818 4409 ox·
874 4359 971 4419 such„
987 4361 1041 4411 734.
1093 4380 1118 4420 g
