3360 5656
638 598 640 602 r
773 541 933 599 -39-

293 727 491 801 uideretur,
509 727 610 795 uelut
625 727 689 795 336
700 744 861 813 properes
880 745 924 795 ex
937 742 1112 812 properos,
1137 726 1414 814 inrupturum

295 860 338 910 ex
350 859 529 928 myrtoum
539 847 601 910 aut
612 843 810 909 uerborum
827 847 1063 918 structuram,
1077 842 1172 909 utab
1186 862 1273 911 suae
1288 843 1413 911 aetatis

296 957 559 1026 consuetudine
592 957 861 1036 abhorrentem,
882 956 948 1024 456
966 962 1065 1042 turpe
1086 954 1224 1043 inceptu
1250 976 1293 1026 ex
1317 965 1415 1045 turpe

290 1069 474 1157 inceptum,
495 1072 564 1140 003
575 1079 716 1157 orpcnto
731 1089 815 1157 opus
831 1089 895 1138 5555
909 1089 953 1140 ex
965 1078 1148 1157 arpentum
1162 1089 1247 1158 opus
1262 1089 1335 1151 csse,
1349 1071 1414 1143 982

292 1183 372 1254 binc
389 1204 603 1255 souotuooo
623 1205 666 1254 ex
687 1183 752 1253 huc
776 1203 891 1253 seruos
911 1203 1026 1253 cuoco.
1054 1186 1214 1272 Denique
1241 1188 1414 1258 manifes-

293 1301 455 1370 tumerit
470 1302 574 1372 illum
592 1301 850 1371 multominus
871 1301 1074 1370 elaborasse
1095 1308 1146 1381 ut,
1171 1302 1233 1388 qui
1255 1323 1272 1368 <r
1288 1321 1414 1372 recen-

291 1417 430 1488 sionem
447 1437 463 1480 »
480 1435 584 1483 suam
611 1417 781 1504 tegerent,
799 1416 823 1482 ii
851 1415 1100 1501 Terentianam
1121 1417 1318 1484 orationem
1336 1437 1414 1503 non

281 1532 339 1602 ¹ita
358 1523 566 1616 corruptam
591 1531 628 1601 in
648 1531 818 1607 manibus
839 1531 1023 1611 haberent,
1042 1551 1152 1616 quam
1174 1537 1214 1598 ut
1230 1550 1274 1599 ne
1290 1510 1412 1600 rerum

290 1652 352 1714 aut
367 1648 563 1714 uerborum
586 1646 805 1714 obscuritate
822 1645 1143 1743 contunderentur.

298 1977 299 1980 ,
325 1921 384 1990 ΑΝ
410 1876 479 1987 REI
505 1864 1383 2002 5555100555515050555105105505515

334 2113 402 2185 38.
434 2116 503 2182 Sed
532 2115 600 2214 hoc
630 2115 736 2183 uide:
761 2117 971 2184 emendator
994 2116 1064 2196 ilie,
1089 2117 1178 2183 dum
1200 2116 1413 2203 corrigendo

290 2231 488 2298 sententiae
508 2237 649 2299 tantum
671 2227 840 2313 consulit,
859 2229 945 2298 nihii
974 2234 1018 2299 ad
1044 2248 1216 2298 numeros
1242 2232 1410 2316 respexit,

275 2353 325 2440 et,
352 2353 429 2430 tum
466 2347 650 2413 breuiores
683 2324 815 2414 uersus
840 2326 918 2413 tum
935 2327 1123 2434 'longiores
1154 2364 1269 2431 aequo
1291 2347 1413 2416 animo

290 2459 440 2558 turum
461 2461 534 2536 555,
568 2461 644 2542 535,
672 2460 749 2541 355,
776 2460 853 2542 555,
883 2461 959 2541 535,
984 2461 1060 2541 555,
1088 2461 1164 2540 roa,
1196 2451 1261 2528 555
1285 2460 1408 2547 (uoco),

277 2576 387 2657 0005,
408 2575 494 2642 1040
515 2555 523 2643 ἐ
542 2578 637 2643 unde
652 2577 802 2643 iudicari
821 2582 936 2661 potest
950 2594 1032 2643 eum
1054 2576 1105 2643 rei
1123 2576 1291 2643 metricae
1308 2577 1412 2662 piane

290 2695 417 2760 rudem
435 2677 558 2760 inisse.
576 2692 650 2773 Qua
666 2694 709 2759 de
722 2711 759 2758 re
776 2671 941 2788 nonsum
953 2692 1121 2778 equidem
1134 2692 1412 2762 nesciusdoctos

289 2809 361 2875 iere
381 2827 509 2876 omnes
523 2809 627 2904 longe
648 2807 751 2874 aliter
761 2807 913 2892 opinari.
928 2806 1015 2874 Cum
1035 2808 1131 2874 enim
1145 2807 1308 2876 uiderent
1324 2827 1412 2876 non-

290 2925 496 2992 nullistocis
513 2907 751 3008 Catiiopianos
766 2922 875 2989 libros
893 2922 1074 3007 propriam
1092 2921 1290 2990 orationem
1309 2941 1411 3008 prae-

290 3041 382 3116 bere,
402 3059 507 3125 quae,
530 3040 608 3106 siue
628 3039 800 3107 Bembina
816 3038 943 3107 melior
959 3044 1054 3107 esset
1069 3039 1146 3107 siue
1159 3038 1269 3123 peior,
1286 3058 1412 3107 nume·

288 3154 338 3222 ris
358 3160 539 3223 constaret
558 3160 592 3221 et
608 3173 680 3221 non
697 3132 925 3239 repugnaret,
947 3172 1106 3238 cumque
1119 3172 1197 3220 eam
1219 3173 1262 3220 ex
1279 3159 1411 3221 retrac-

288 3270 420 3338 tatione
437 3269 594 3354 Cait'iopii
617 3288 695 3336 esse
711 3274 826 3336 ortam
839 3268 1100 3348 existimarent,
1115 3268 1151 3333 in
1164 3269 1224 3336 itto
1241 3267 1412 3354 Calliopio

288 3385 348 3471 qui
367 3386 433 3453 etsi
454 3386 490 3450 in
508 3385 630 3452 uerbis
650 3384 865 3469 reprehendi
888 3390 1019 3469 posset,
1039 3391 1082 3451 at
1103 3385 1140 3450 in
1161 3385 1287 3452 metris
1311 3386 1411 3452 omni

276 3500 393 3568 rtaude
413 3500 666 3586 esset‘dignus,
697 3499 764 3567 sibi
796 3505 1055 3584 persuaserunt
1084 3518 1269 3566 summam
1294 3500 1411 3568 inesse

288 3617 407 3702 legum
430 3616 663 3683 metricarum
685 3615 927 3701 cognitionem
953 3621 1060 3700 atque
1082 3615 1323 3699 prudentiam.
1342 3616 1411 3683 Sed
1521 3646 1523 3650 ·

288 3732 377 3798 mihi
394 3733 566 3798 uidentur
582 3749 698 3816 neque
718 3730 804 3798 satis
821 3730 1027 3816 diligentiae
1047 3748 1164 3816 neque
1184 3732 1271 3799 satis
1286 3731 1410 3798 iudicii

286 3849 331 3914 ad
347 3847 446 3913 ittam
464 3829 712 3932 quaestionem
728 3847 904 3914 attulisse.
922 3845 1010 3913 Nam
1033 3864 1166 3931 paucos
1180 3864 1411 3935 uersuszquos

287 3961 481 4046 Cattiopius
498 3981 568 4029 non
599 3961 724 4028 inuitis
750 3961 875 4027 metris
905 3960 1124 4038 emendauit,
1143 3962 1232 4030 bino
1248 3967 1282 4030 et
1311 3962 1411 4032 illinc

287 4092 353 4144 suo
374 4078 549 4144 arbitratu
566 4077 776 4162 decerpunt,
809 4074 956 4154 multos
989 4078 1051 4162 oui
1082 4078 1241 4158 adhibita
1267 4096 1411 4146 correc-

270 4191 383 4259 tione
400 4192 499 4258 toede
519 4191 735 4269 claudicant,
755 4190 976 4275 relinquunt.
996 4190 1055 4277 Est
1070 4197 1189 4263 autem
1207 4191 1411 4261 ubiCottio-

287 4308 387 4392 pium
428 4307 595 4373 incusant
624 4306 681 4372 uei
708 4306 976 4400 laudent-quod
1008 4290 1407 4402 ‘toeossretraetauerit
1534 4366 1536 4369 ,
