3360 5656
907 569 1097 634 -10-v

427 764 548 824 autem
569 759 769 838 communi,
785 758 975 843 diligenter
990 759 1274 825 examinandum
1292 779 1381 826 num
1401 760 1552 844 puriore

427 874 507 941 riuo
522 881 584 941 aut
599 875 809 954 turbidiore,
825 875 893 941 hoc
906 880 959 941 est
973 893 1036 959 per
1052 875 1238 941 meliorem
1254 881 1317 941 aut
1331 876 1550 942 deteriorem

426 990 574 1070 librum,
606 991 651 1056 ab
679 990 739 1056 illo
766 991 863 1057 fonte
890 990 1089 1057 defluxerit.
1127 991 1311 1057 Praeterea
1338 992 1549 1076 inquirendi

427 1113 513 1172 sunl
526 1124 646 1172 mores
657 1106 827 1191 illiusqui
840 1124 924 1172 eum
936 1106 1137 1190 descripsit.
1152 1106 1240 1172 Nam
1258 1107 1404 1173 librario
1415 1107 1551 1193 cuique

427 1239 492 1287 sua
513 1227 599 1287 sunt
619 1221 706 1287 uitia
727 1239 886 1305 suaeque
903 1221 1079 1301 uirtutes3
1101 1221 1180 1287 aliis
1202 1222 1416 1306 imprudens
1432 1224 1549 1289 currit

425 1336 600 1416 calamus,
614 1337 693 1403 aliis
709 1343 837 1418 cautus
852 1337 1011 1421 procedit
1025 1359 1032 1415 ;
1056 1337 1137 1421 plus
1158 1337 1329 1403 minusue
1339 1344 1488 1422 peccant
1508 1338 1548 1404 in

426 1453 576 1538 syllabis
590 1453 818 1538 geminandis
832 1452 891 1518 uel
902 1452 1122 1532 omittendis,
1137 1453 1247 1520 autin
1261 1453 1381 1519 uerbis
1396 1472 1550 1520 conuer-

426 1569 572 1647 tendis3
609 1568 785 1634 uocabula
825 1574 979 1648 mutant,
1018 1569 1096 1634 siue
1128 1568 1306 1648 consulto,
1352 1588 1434 1635 cum
1476 1570 1546 1635 sibi

426 1686 584 1751 obsoleta
614 1685 797 1763 uidentur,
829 1685 907 1750 siue
935 1684 1169 1770 neglegentia.
1200 1684 1299 1750 Unde
1323 1684 1477 1751 efficitur
1508 1693 1548 1752 ut

426 1818 703 1885 nonnumquam
748 1800 838 1865 liber
876 1799 1069 1884 antiquior,
1111 1801 1195 1884 quia
1234 1800 1400 1884 pluribus
1446 1801 1546 1868 uitiis

425 1915 645 2000 deprauatus
666 1922 731 1995 est,
751 1916 788 1980 in
810 1915 936 1982 eodem
958 1915 1083 1981 ordine
1103 1935 1174 1999 quo
1196 1916 1412 1982 recentiores
1432 1917 1546 1982 collo-

425 2031 563 2097 candus
593 2031 649 2111 sit,
681 2049 765 2097 cum
801 2031 891 2096 nihil
925 2031 1040 2116 magis
1068 2030 1240 2115 proficere
1270 2031 1394 2115 possit.
1437 2032 1544 2098 Pauci

426 2152 547 2213 tamen
562 2165 605 2212 ex
621 2147 665 2212 iis
681 2146 743 2231 qui
764 2147 951 2213 emendata
973 2153 1138 2212 ueterum
1155 2164 1261 2230 opera
1279 2147 1383 2213 edere
1401 2153 1542 2227 curant,

425 2264 519 2329 hanc
535 2263 602 2329 sibi
619 2263 733 2347 legem
746 2263 1025 2342 constituerunt,
1044 2267 1085 2328 ut
1099 2263 1396 2347 antiquissimum
1409 2263 1544 2328 librum

425 2397 538 2463 aeque
557 2379 594 2443 in
613 2378 819 2463 suspicione
839 2378 1013 2444 haberent
1038 2384 1145 2462 atque
1166 2384 1315 2444 ceteros.
1342 2379 1454 2444 Testis
1484 2378 1545 2445 ille

424 2493 658 2561 Terentianus
678 2494 736 2560 cui
757 2511 890 2560 nomen
912 2493 1084 2559 Bembino
1109 2499 1173 2559 est.
1196 2493 1259 2559 Hic
1283 2493 1393 2572 enim,
1421 2500 1545 2577 utpote

425 2609 484 2694 qui
504 2610 703 2695 grandibus
724 2608 851 2675 litteris
872 2606 1029 2693 scriptus
1054 2608 1112 2687 sit,
1138 2614 1273 2674 tantam
1301 2609 1544 2675 reuerentiam

425 2724 611 2790 nonnullis
627 2730 761 2804 mouet,
780 2730 820 2791 ut
840 2744 877 2792 se
895 2743 978 2790 eum
1000 2725 1129 2790 ducem
1151 2725 1315 2790 deserere
1340 2742 1543 2809 numquam

425 2840 618 2923 patiantur,
637 2839 705 2905 nisi
724 2839 828 2923 plane
844 2845 878 2906 et
893 2845 1014 2923 aperte
1027 2846 1240 2923 corruptum
1258 2840 1542 2922 deprehendant.

425 2954 490 3034 Qui
537 2961 657 3021 autem
713 2973 796 3020 eum
852 2955 1118 3021 mendosiorem
1169 2973 1247 3022 esse
1309 2955 1541 3035 confitentur,

424 3059 657 3154 ubicumque
678 3089 795 3155 neque
831 3071 993 3136 numeris
1029 3071 1183 3136 uitiosus
1218 3089 1334 3155 neque
1365 3072 1543 3138 sententia

423 3187 605 3252 absurdus
632 3192 697 3267 est,
726 3186 872 3271 perinde
898 3206 939 3252 ac
967 3187 996 3252 si
1022 3204 1118 3252 unus
1146 3205 1288 3270 semper
1313 3206 1399 3253 uera
1431 3188 1543 3253 uerba

425 3302 604 3386 praebeat,
637 3302 807 3387 neglectis
839 3301 967 3368 ceteris
997 3302 1110 3382 libris,
1149 3303 1226 3367 eius
1261 3303 1412 3388 uestigia
1446 3308 1543 3369 arcte

425 3423 609 3502 premunt.

468 3621 508 3688 3.
535 3621 620 3686 Mihi
642 3639 729 3688 uero
750 3621 974 3706 propositum
1000 3628 1053 3687 est
1073 3622 1109 3686 in
1131 3622 1199 3688 hoc
1224 3620 1344 3686 libello
1369 3639 1544 3705 quaerere

423 3744 603 3822 quatenus
614 3736 810 3803 Bembinus
823 3737 951 3804 ceteris
962 3737 1064 3803 libris
1080 3757 1097 3803 a
1112 3737 1282 3821 Calliopio
1295 3737 1481 3803 recensitis
1491 3735 1538 3822 (l)

424 3852 679 3938 praeterendus
700 3859 820 3932 esset;
850 3871 1039 3937 semperne
1059 3859 1093 3920 et
1113 3853 1248 3936 ubique
1274 3853 1389 3936 potior
1409 3853 1544 3918 haben-

423 3969 504 4046 dus,
544 3987 591 4033 an
629 3968 812 4035 interdum
845 3975 879 4035 et
912 3968 1020 4036 certis
1049 3969 1278 4053 definitisque
1299 3968 1405 4047 locis;
1438 3969 1542 4034 deni-

423 4101 494 4168 que
520 4102 591 4168 qua
621 4085 758 4150 ratione
789 4102 934 4169 quaque
954 4085 1013 4183 uia
1035 4084 1072 4149 in
1092 4084 1245 4150 Terentii
1259 4084 1419 4150 oratione
1440 4084 1542 4185 resti-

455 4259 488 4318 (ll
504 4257 683 4306 Basilicarum
693 4259 732 4318 (Bt
743 4260 859 4321 neglexi,
873 4272 954 4320 quem
1010 4271 1066 4306 sem
1088 4259 1136 4320 (L),
1161 4260 1238 4307 cuius
1264 4258 1389 4306 llziatzko
1412 4263 1540 4321 excerpta

423 4321 550 4368 conuenit
567 4319 636 4368 nlhll
651 4321 724 4369 aliud
742 4335 800 4370 esse
815 4323 867 4370 nisi
884 4322 953 4369 Vati·
1010 4322 1198 4369 tantummodo
1213 4322 1336 4382 protulit.

422 4383 483 4430 canl
499 4381 536 4443 td)
552 4383 741 4445 apographon;
758 4387 817 4432 tum
832 4384 954 4445 Lipsien-
