3360 5656
759 569 918 642 ÷37-

278 759 367 825 ltem
387 755 448 843 qui
471 763 587 843 potest
607 753 782 842 Demipho
798 759 1015 842 respondere
1030 755 1082 824 itu
1098 754 1215 839 hercle,
1233 775 1318 824 oum
1333 754 1400 825 eur

279 875 457 959 parasitus
477 874 576 940 adse
596 873 718 941 ueniat
734 874 840 959 plane
855 874 900 942 sit
920 871 1094 959 ignarus?
1109 875 1200 940 Tum
1217 879 1399 959 praeterea

278 991 340 1075 qui
355 1009 484 1057 sensus
498 990 718 1074 probabilior
734 995 767 1056 et
780 990 980 1074 expeditior
995 1009 1038 1056 ex
1057 992 1167 1057 uerbo
1182 986 1312 1056 credidi
1324 989 1400 1057 ool-

172 1193 176 1200 ·
279 1106 444 1192 ligendus
464 1103 542 1173 est‘?
564 1105 715 1173 Detrahe
740 1123 827 1172 uero
851 1105 956 1171 illum
982 1124 1131 1172 uersum
1156 1124 1163 1172 :
1186 1106 1257 1172 iam
1278 1106 1343 1173 900
1367 1112 1401 1173 et

277 1222 342 1289 902
358 1222 452 1288 inter
467 1240 505 1288 se
522 1227 597 1288 arte
613 1223 818 1288 cohaerent.

285 1367 287 1370 ·
321 1337 455 1405 Deinde
482 1337 520 1403 in
554 1355 665 1420 uersu
698 1337 763 1404 909
797 1343 944 1422 apparet
960 1354 1178 1422 responsum
1201 1333 1402 1403 Ridiculum

277 1452 421 1538 (nempe
438 1452 698 1521 subaudiendo
718 1469 882 1540 quaerere
908 1448 994 1539 quid
1013 1449 1060 1517 ud
1079 1458 1108 1518 te
1128 1452 1257 1536 eamus)
1280 1435 1402 1519 Demi-⁴

279 1569 389 1653 phoni
418 1570 701 1654 haudquaquam
722 1568 930 1649 conuenire,
958 1586 1042 1634 oum
1068 1567 1099 1634 is
1134 1586 1206 1635 non
1232 1569 1339 1636 modo
1363 1588 1402 1636 se

279 1685 424 1769 parasiti
459 1684 551 1751 dolis
586 1685 777 1769 deceptum
798 1683 910 1751 inisse
931 1662 1081 1771 ignoret,
1105 1684 1290 1752 sedetiam
1315 1687 1400 1752 eum

279 1801 427 1885 posthae
444 1799 494 1886 (u.
513 1799 591 1885 910)
609 1799 781 1866 falsidicis
798 1799 921 1866 uerbis
938 1801 1033 1867 ultro
1049 1800 1220 1866 deludere
1235 1807 1398 1868 conetur.
1470 1886 1473 1892 .
1545 1783 1550 1792 ’

322 1915 434 1983 Credo
468 1916 577 2003 igitur
611 1914 848 2000 Calliopianos
890 1915 1000 1982 libros
1033 1916 1135 2000 sequi
1155 1922 1332 2000 oportere,
1360 1899 1430 1984 ae

277 2032 491 2117 Demiphoni
504 2037 619 2099 totum
632 2049 782 2098 uersum
795 2031 992 2117 assignare,
1010 2037 1148 2098 mutato
1168 2029 1396 2100 uerelluuu’ut‘.

278 2147 401 2232 ltaque
415 2140 535 2215 loonm
552 2147 604 2214 sio
618 2146 873 2233 corrigendum
896 2165 1025 2214 censeo
1043 2166 1050 2213 :

277 2322 346 2384 900.
629 2321 691 2383 ΗΕ.
709 2298 824 2385 At'nos
839 2325 880 2385 ad
892 2331 924 2385 te
939 2324 1082 2390 ibamus,
1102 2325 1270 2386 Phormio.

276 2421 345 2483 902.
393 2419 458 2482 PH.
478 2421 613 2496 Quidad
629 2439 682 2482 me
696 2421 825 2483 ibatis?
847 2422 1200 2485 Ridiculumuererier

391 2519 437 2580 Ne
453 2537 520 2580 non
534 2519 569 2580 id
585 2519 741 2592 lacerem,
759 2525 821 2581 eto.

304 2690 371 2755 <Ex
387 2689 597 2774 imperfecto
616 2686 719 2755 ibatis
730 2695 871 2756 constat
881 2696 955 2756 erut
970 2695 1049 2774 post
1064 2687 1252 2757 ridiculum
1269 2693 1401 2758 subau-
1471 2718 1474 2725 ¹

220 2884 223 2892 ι
277 2805 450 2872 diendum
478 2823 568 2884 esse,
596 2822 640 2871 ex
669 2823 741 2889 quo
770 2803 847 2871 lieri
876 2807 1064 2890 praeterita
1087 2803 1233 2892 furerem
1255 2814 1289 2874 et
1313 2825 1401 2873 reee-

274 2917 407 3005 piarem.

321 3142 389 3209 35.
410 3142 549 3209 Rursus
565 3148 687 3209 autem
704 3148 758 3209 esl
773 3143 834 3208 ubi
856 3144 1048 3211 Bembinos
1078 3144 1193 3211 critici
1220 3145 1400 3232 incognita

277 3276 315 3324 re
348 3258 673 3325 condemnauerint
700 3263 807 3344 atque
841 3259 884 3325 iis
918 3257 1156 3344 Calliopianos
1182 3261 1279 3327 haud
1306 3267 1401 3328 reete

276 3373 561 3457 anteposuerint.
584 3374 807 3441 Documento
828 3375 952 3441 sithiu
973 3394 1102 3442 uersus
1130 3394 1137 3440 ε

275 3549 345 3612 989
403 3552 427 3610 Α
445 3571 452 3611 :
471 3549 567 3610 Enim
584 3567 713 3628 nequeo
725 3551 816 3612 solus
829 3568 1016 3613 accurrere.
1036 3549 1103 3612 ΡΗ.
1119 3553 1189 3614 Vna
1205 3552 1331 3613 iniuria
1348 3561 1397 3615 est

400 3653 443 3712 D:
460 3652 555 3712 Enim
573 3653 664 3712 solus
679 3669 786 3730 nequo
802 3664 892 3718 <ο>
926 3670 1103 3714 occurrere
1128 3654 1217 3715 huie.
1234 3651 1301 3714 PH.
1328 3656 1399 3716 Vna

784 3739 786 3743 ’
1199 3732 1400 3812 [iniuriaest
1468 3738 1470 3742 ‘

398 3829 447 3890 CP
460 3829 812 3908 :Enimsolusnequeo
822 3846 959 3891 accurre
969 3831 1043 3892 huo.
1057 3827 1116 3891 ΡΗ
1137 3832 1341 3893 Vnainiuria
1351 3839 1401 3894 est

321 3999 408 4080 Quia
429 4018 546 4085 neque
563 4000 646 4066 inA
674 4018 792 4085 neque
816 4001 853 4066 in
875 4000 901 4065 D
922 3999 1065 4067 numeri
1093 4007 1298 4082 seruantur,
1326 4021 1399 4069 non

277 4116 445 4183 dubitant
460 4117 548 4200 quin
566 4117 785 4186 uocabulum
799 4134 974 4182 occurrere
989 4118 1035 4184 sit
1049 4123 1272 4202 corruptum.
1293 4124 1401 4202 atque

276 4232 307 4298 ei
328 4249 477 4306 occurre,
497 4209 603 4301 cuius
623 4252 752 4301 sensus
775 4232 933 4324 apertior
956 4233 1013 4311 sit,
1042 4232 1319 4317 praeterendum
1341 4233 1398 4300 sit.

278 4346 358 4426 Sed,
376 4365 461 4414 oum
483 4345 547 4414 hur
562 4367 752 4433 superesse
770 4347 946 4427 iudicent,
976 4349 1172 4414 uerborum
1195 4348 1402 4417 collocatio-
