3360 5656
750 627 909 690 ,34-

271 825 430 904 apparet,
449 825 525 886 tum
543 818 621 884 iure
640 816 788 902 colligas
805 816 840 881 id
857 815 975 901 potius
991 835 1009 881 a
1027 814 1201 882 Bemhiuo
1213 816 1400 882 omissum

271 953 412 1020 quama
428 932 598 1017 Calliopio
609 931 773 999 additum
790 950 879 998 esse.
896 930 1010 1010 Quare
1030 930 1208 998 assentior
1221 930 1400 997 Bembiuo

258 1051 309 1117 in
329 1050 386 1116 his
407 1050 590 1116 uersibus:
705 1137 710 1147 ἱ

293 1236 365 1298 810.
409 1235 493 1309 Quid
510 1243 560 1297 est
574 1236 590 1296 i
615 1269 653 1277 -
668 1237 738 1319 itan
753 1252 891 1312 paruam
909 1234 991 1295 mihi
1006 1235 1105 1296 tidem
1118 1251 1190 1295 esse
1201 1234 1290 1312 apud
1303 1240 1348 1295 te.
1362 1267 1401 1274 —

991 1330 1068 1411 [Vin
1084 1349 1137 1394 me
1156 1329 1243 1412 [hoo]
1259 1332 1400 1394 eredere

292 1431 414 1492 951-53.
460 1431 551 1504 Quod
581 1431 721 1503 dietum,
754 1421 920 1491 indictum
949 1437 1017 1503 est;
1059 1431 1157 1509 quod»
1189 1431 1288 1490 modo
1326 1434 1399 1490 erat

887 1525 1022 1606 iratum,
1047 1526 1106 1607 [id]
1124 1527 1264 1591 inritum
1282 1534 1345 1588 est.
1360 1561 1399 1568 —

423 1626 494 1700 Quo
510 1632 605 1704 paeto
618 1632 675 1687 aut
692 1626 780 1687 unde
795 1627 875 1687 haee
890 1625 943 1686 hie
959 1625 1098 1688 resoluit
1110 1626 1127 1686 ‘l
1138 1659 1176 1668 -
1193 1625 1326 1697 Nescio,

425 1723 497 1784 Nisi
515 1741 567 1785 me
583 1723 709 1784 dixisse
725 1721 784 1802 lid]
799 1723 926 1784 nemini
943 1731 1033 1785 eerto
1049 1723 1118 1785 solo

274 1823 362 1884 1050.
429 1821 598 1893 Phormio,
613 1828 646 1882 at
658 1838 719 1898 ego
737 1828 867 1883 ecastor
880 1823 1018 1900 posthae
1033 1821 1093 1882 tihi
1111 1823 1202 1901 quod
1218 1818 1395 1899 poterolet]

959 1917 1060 1999 [quod
1077 1920 1175 1998 (quae
1192 1914 1285 1996 Coit.)
1303 1919 1397 1980 uoles

292 2019 361 2079 476.
426 2019 509 2079 Tum
527 2018 682 2079 Phormio
696 2018 813 2079 itidem
825 2018 861 2078 iu
877 2019 939 2079 hae
953 2035 986 2079 re
1009 2024 1044 2079 ut
1056 2015 1117 2096 [in]
1128 2017 1205 2078 aliis
1217 2023 1397 2079 strenuom

1035 2113 1220 2195 [hominem
1241 2116 1395 2194 praebuit

276 2303 378 2382 Nam,
407 2309 658 2388 praeterquam
688 2302 784 2386 quod
813 2321 963 2369 reuera
994 2320 1110 2387 neque
1131 2298 1199 2367 hoe
1221 2321 1339 2387 neque
1357 2297 1398 2366 id

274 2418 441 2486 utilitatis
471 2418 667 2503 quiequam
693 2417 860 2510 aileruut,
891 2418 1125 2502 perspicuum
1159 2423 1213 2484 est
1234 2414 1295 2483 hoc
1320 2436 1399 2484 esse

274 2534 400 2601 lictum
431 2531 578 2600 exscire
607 2539 668 2598 uui
696 2528 993 2599 uesctretocuoto
1024 2531 1073 2617 (u.
1106 2533 1198 2616 809),
1229 2539 1339 2619 atque
1362 2529 1400 2598 t'd

275 2651 395 2735 inepte
410 2669 494 2715 eum
513 2668 620 2716 uersu
643 2650 720 2727 etl,
739 2655 816 2716 tum
838 2667 948 2715 uersu
968 2649 1033 2716 953
1062 2647 1119 2733 (el.
1150 2645 1230 2714 ltuec
1256 2647 1336 2735 958)
1353 2649 1398 2715 ab

277 2766 403 2832 eodem
420 2765 650 2849 emendatore
665 2764 828 2830 additum
845 2783 944 2843 esse3
963 2770 1055 2844 tum,
1074 2782 1182 2830 uersu
1197 2763 1295 2840 1050,
1313 2765 1398 2849 quia

278 2878 370 2968 quod
387 2888 504 2966 potero
520 2879 606 2965 quid
624 2881 758 2947 ualeret
776 2899 847 2946 uou
867 2880 1148 2964 intellegeretur,
1168 2885 1207 2945 ut
1222 2879 1399 2948 sententia

269 3003 314 3064 et
333 2997 446 3064 oratio
466 2995 682 3062 illustriores
702 2996 841 3071 fierent,
864 3001 894 3061 et
913 3014 991 3062 esse
1016 2995 1272 3081 excogitatum,
1292 3001 1400 3081 atque

160 3099 161 3102 ¹
271 3114 430 3181 tortasse
450 3110 541 3200 quoti
557 3113 593 3179 iu
615 3130 702 3198 quoe
716 3132 956 3192 conuersum3
980 3119 1174 3198 postremo,
1194 3131 1303 3179 uersu
1320 3112 1398 3192 lte,

282 3227 334 3325 iu
354 3230 399 3296 ab
427 3226 468 3295 iu
498 3226 560 3294 huc
581 3246 618 3294 re
647 3246 725 3295 esse
752 3239 965 3314 sumptum

325 3443 396 3511 88.
412 3441 545 3508 'Contra
563 3457 616 3520 ea,
635 3442 691 3507 his
711 3442 811 3523 locis,

282 3637 349 3698 155.
393 3636 484 3710 Quod
508 3637 542 3696 ui
561 3636 700 3697 fuissem
724 3637 922 3716 incogitaus‚
947 3639 991 3700 ita
1008 3656 1083 3699 eum
1100 3644 1175 3716 (om.
1211 3637 1251 3707 At
1281 3655 1400 3716 expec-

1056 3739 1184 3812 ltarem,
1210 3743 1246 3797 ut
1262 3754 1322 3815 par
1337 3736 1401 3797 luit

282 3815 349 3878 183.
393 3814 477 3888 Quid
495 3831 570 3875 nam
587 3815 661 3889 (om.
680 3815 719 3887 Α)
744 3815 814 3876 illie
829 3824 1016 3878 commotus
1032 3819 1126 3879 uenit

280 3913 350 3976 836.
396 3931 411 3970 «
432 3911 562 3973 lnuitus
582 3912 656 3984 leci,
669 3914 727 3973 lex
742 3914 849 3992 coegit
869 3916 1162 3991 »taudioetlom
1178 3917 1215 3992 Al
1229 3914 1346 3976 lateor.
1379 3946 1402 3956 -

272 4167 275 4173 .
299 4109 368 4171 259.
414 4107 482 4167 Eho
496 4124 538 4168 an
553 4113 588 4167 tu
604 4113 678 4184 (oms.
696 4107 736 4178 Α)
748 4109 782 4170 id
797 4127 972 4172 suscenses
987 4112 1135 4173 nuncilli
1151 4112 1218 4174 ‘l-
1230 4111 1255 4172 Ο
1268 4011 1401 4183 ([οῗιθοὲῑ

1062 4211 1238 4288 [artificem
1257 4208 1399 4288 probum

280 4305 351 4366 386.
396 4304 481 4366 Perii
493 4304 614 4376 hercle,
632 4321 757 4366 nomen
777 4309 920 4384 perdidi.
933 4344 974 4386 -.
987 4310 1068 4371 Hem
1081 4310 1153 4386 (om.
1169 4307 1311 4387 utquid
1326 4305 1401 4367 ais?

1251 4404 1305 4483 [-
1321 4405 1401 4466 Geta
