3360 5656
756 559 916 622 ..56-

274 750 320 817 ab
349 750 519 817 omnibus
540 749 711 817 mulieres
732 749 804 818 sint
824 751 1025 832 derelictae,
1053 770 1119 819 cnr
1144 769 1215 819 non
1239 771 1408 820 comme

275 866 433 932 moranit
447 866 572 933 adesse
586 866 704 953 primo
720 867 863 934 nullum
879 874 1087 953 cognatum,
1104 869 1234 937 deinde
1251 869 1403 943 nullum

275 982 550 1074 beneuolenlem
575 982 629 1063 (cl.
657 980 675 1068 ἓ
705 982 775 1068 23),
808 990 990 1068 postremo
1014 1002 1058 1050 ne
1089 990 1216 1051 notum
1248 985 1402 1071 quidem

275 1094 420 1193 ullum‘l
436 1096 580 1164 Constat
594 1116 680 1165 uero
693 1098 901 1185 diligentem
916 1073 1162 1185 gradationem
1176 1100 1212 1166 in
1227 1100 1402 1168 uersibus

275 1213 406 1293 inesse,
443 1212 472 1280 si
500 1209 639 1279 uicinus
664 1233 728 1300 pro
761 1221 924 1300 coquatur
951 1214 1134 1302 legimus:
1170 1234 1255 1282 nam
1296 1218 1401 1284 abest

274 1329 414 1395 amicus
430 1328 638 1414 quisquam,
656 1330 757 1396 abest
773 1331 831 1396 uel
848 1337 967 1412 notua,
986 1330 1100 1399 immo
1117 1331 1262 1399 uicinus
1277 1333 1395 1400 abest.

274 1443 324 1510 Ita
340 1444 381 1511 fit
397 1445 558 1511 acerbior
579 1444 734 1513 solitudo
750 1446 959 1513 mulierum.
983 1447 1082 1527 Quod
1103 1453 1225 1514 autem
1249 1449 1398 1534 cognati

275 1559 414 1626 nullam
430 1561 652 1634 mentionem
673 1561 766 1641 lecit,
786 1568 887 1647 poeta
908 1563 1024 1649 magis
1040 1563 1243 1630 laudandus
1264 1570 1331 1642 est,
1357 1571 1399 1633 ut

199 1692 201 1697 ’
272 1675 412 1762 opinor,
440 1695 550 1761 quam
584 1677 860 1762 uituperanduS,
889 1697 930 1745 eo
957 1679 1073 1766 magis
1095 1679 1193 1765 qnod
1221 1680 1398 1748 mulieres

273 1791 482 1877 peregrinae
502 1793 653 1860 Athenis
673 1799 771 1860 sunt.

277 1966 279 1970 '
317 1961 386 2029 78.
407 1965 476 2027 159.
521 1964 593 2038 Non
616 1964 742 2043 potitus
762 1981 892 2038 essem3
914 1963 1115 2025 luissettum
1137 1964 1213 2026 illos
1235 1965 1281 2026 mi
1295 1983 1399 2045 aegre

737 2128 740 2134 ,
1153 2059 1294 2141 [aliquot
1309 2064 1397 2139 dies,

516 2162 558 2222 At
572 2178 640 2222 non
660 2159 842 2222 cottidiana
857 2178 936 2222 cura
952 2161 1033 2223 haec
1048 2168 1184 2238 angeret
1199 2161 1395 2224 animum...

1174 2256 1255 2334 [PH.
1269 2260 1395 2342 Audio,

406 2359 475 2420 161.
520 2354 587 2443 AN.
600 2357 685 2417 Dum
707 2362 844 2435 expecto
865 2373 966 2435 qnam
981 2373 1058 2417 mox
1073 2356 1398 2436 uenietquiadimat
1501 2416 1502 2420 ,

574 2455 671 2530 [hanc
686 2455 768 2515 mihi
787 2455 1215 2531 aegritudinemlconsuetu
1227 2454 1288 2530 -A,
1299 2453 1396 2534 Call.)

315 2608 407 2688 Quid
435 2606 482 2674 sit
515 2604 666 2672 adimere
705 2603 985 2672 consuetudinem
1023 2607 1197 2673 confiteor
1226 2625 1284 2673 me
1320 2627 1396 2676 non

270 2723 486 2809 intellegere.
525 2722 812 2806 Interprelantur
840 2722 987 2807 quidem
1018 2719 1299 2789 cousuetudinem
1333 2724 1396 2790 alii

271 2861 287 2903 u
307 2839 572 2926 possessionem
590 2838 764 2924 puellaep)
797 2857 838 2905 ex
862 2835 991 2923 potitus
1011 2846 1110 2903 essem
1139 2837 1188 2924 (u.
1218 2839 1309 2921 159),
1332 2841 1396 2908 alii

272 2979 287 3019 u
307 2955 465 3042 puellam
479 2962 637 3022 amatam
652 2976 679 3022 u.
695 2955 829 3021 Verum
841 2954 937 3038 apud
950 2954 1156 3021 Terentium
1170 2952 1393 3037 cousuetudo,

271 3077 421 3156 praeter
433 3071 509 3138 uim
527 3071 709 3155 propriam
725 3076 760 3137 et
776 3071 974 3156 uolgatam,
993 3070 1170 3156 significat
1195 3089 1340 3156 semper
1359 3079 1396 3140 et

271 3187 406 3271 ubique
434 3205 513 3253 eam
543 3187 738 3253 amicitiam
773 3205 864 3272 quae
888 3186 950 3252 fiat
982 3205 1025 3253 ex
1055 3185 1296 3254 lamiliaritate
1337 3189 1395 3254 uel

269 3302 524 3370 coniunctione
534 3302 673 3389 puellae
684 3309 746 3369 aut
763 3303 885 3369 uxoris
899 3301 1038 3388 (gallice
1060 3322 1075 3366 u
1098 3303 1392 3393 attachementn).

270 3418 329 3486 Est
360 3418 470 3504 igitur
503 3417 651 3486 allectus
671 3419 783 3486 animi
810 3419 958 3504 quidam
988 3419 1103 3485 amori
1128 3419 1331 3504 proximare,
1354 3427 1395 3487 ut

270 3534 427 3601 dilucide
447 3542 594 3621 apparet
620 3553 663 3601 ex
685 3527 875 3622 hisljloois:
905 3535 1033 3615 Andr',
1056 3534 1121 3602 279
1141 3541 1178 3601 ut
1207 3552 1316 3622 ecquo
1341 3555 1395 3602 mc
1471 3557 1475 3576 ·

272 3647 478 3716 cousuetudo
494 3668 602 3738 neque
617 3668 757 3717 umor...
776 3657 997 3727 commouent,
1018 3651 1115 3731 Hec,
1138 3651 1203 3718 404
1219 3649 1279 3717 eui
1293 3669 1397 3718 umor

269 3783 321 3831 mc
336 3763 494 3850 grauiter
512 3763 879 3853 corituctudoqucucius
911 3773 1009 3845 tenet,
1032 3767 1306 3854 Andr.,3llll·ll
1340 3764 1395 3835 hic

270 3898 402 3965 puruoc
417 3877 675 3948 consuetudinis
695 3899 799 3947 cuuto
818 3878 921 3948 liuius
941 3889 1081 3948 mortem
1113 3889 1182 3948 loru
1201 3880 1268 3968 sert
1290 3880 1394 3970 sumi-

269 3990 424 4073 liariter,v
451 3994 535 4083 quid
560 3994 589 4063 si
621 3995 692 4082 ipsc
713 4003 865 4074 umectat,
904 3998 966 4076 id,
984 3997 1064 4084 '3560
1079 3982 1335 4084 *collocetudiuc
1365 4006 1396 4067 et

270 4109 432 4196 coniugio
449 4101 586 4178 liberio
596 4110 803 4190 deuinctum,
826 4114 887 4190 id,
901 4101 1120 4180 meatuum
1132 4110 1392 4183 illimolcstoe...

262 4223 351 4292 duco
365 4233 444 4292 sunt
460 4225 602 4313 nuptiae
619 4227 757 4295 liuiuscc
772 4235 910 4314 propter
932 4228 1210 4297 cousuetudinem
1227 4228 1392 4317 hospitae.

230 4436 232 4441 Ι
315 4340 414 4422 Quod
425 4361 510 4410 cum
527 4345 574 4411 ita
587 4346 643 4426 sit,
663 4347 897 4433 perspicuum
909 4353 965 4414 est
983 4345 1044 4434 qui
1058 4344 1193 4414 odimut
1208 4344 1296 4415 laic
1305 4346 1397 4416 mihi
