3360 5656
639 611 799 674 „75-

163 799 351 872 Chremete
382 806 533 886 ponunt.
567 800 667 881 Quod
692 801 943 871 testimonium
968 802 1225 872 commendant
1249 808 1284 874 et

163 910 398 984 corroborant
416 923 495 986 tum
521 916 755 1001 Demiphonis
780 917 862 984 iliae
881 936 988 985 uoces
1006 937 1013 983 :
1033 939 1068 984 u.
1096 917 1160 984 tit
1177 916 1283 987 immo

164 1029 295 1100 muium
311 1029 426 1107 herote,
451 1033 512 1099 661
532 1029 617 1120 quid
634 1030 664 1098 si
679 1031 836 1099 unimam
849 1031 953 1113 timet,
976 1034 1041 1101 662
1056 1053 1117 1120 ope
1132 1052 1194 1120 upa
1211 1032 1286 1100 iuni

165 1145 276 1226 ducat,
302 1145 402 1228 dubo,
428 1146 577 1215 tot-ott
600 1146 669 1214 oici
694 1147 884 1226 uimiumst,
914 1158 991 1218 tum
1026 1152 1122 1236 quod
1150 1151 1285 1221 interea

166 1262 337 1331 Chremes
361 1284 381 1330 a
406 1283 575 1330 sermone
590 1264 692 1349 quasi
711 1266 856 1345 recedit,
876 1285 991 1351 neque
1009 1266 1108 1351 prius
1126 1268 1287 1357 loquitur

167 1400 277 1466 quam
299 1380 461 1464 pecuniae
482 1387 619 1465 partem
641 1399 678 1446 se
703 1381 873 1447 daturum
898 1383 1151 1466 promittendo,
1166 1382 1288 1452 Demi-

170 1496 327 1582 phonem
349 1504 571 1568 maerentem
589 1502 623 1563 et
643 1504 924 1581 conquerentem
947 1506 1095 1568 recreet.

78 1675 103 1679 =-
168 1637 257 1699 107.
274 1624 344 1700 986.
382 1630 609 1711 Nausistrata,
634 1638 699 1700 exi.
724 1636 784 1701 ut.
813 1637 856 1699 Os
881 1640 1044 1717 opprime.
1068 1638 1130 1701 DE.
1153 1643 1224 1717 (om.
1249 1642 1288 1718 Α)

249 1724 252 1729 ’
1005 1717 1193 1799 [Impurum
1211 1721 1289 1783 uide

391 1797 557 1872 Quantum
585 1801 684 1860 ualet.
708 1796 773 1860 PH.
800 1799 1019 1870 Nausistrata,
1049 1802 1200 1878 inquam.
1222 1798 1287 1863 CH.

935 1878 1291 1958 tiltEhiNontaoest

127 2020 133 2033 .
167 2022 172 2027 .
290 1958 360 2020 888,
406 1955 473 2020 PH.
512 1959 677 2020 Tuccam?
707 1957 770 2021 DE.
806 1960 882 2022 Nisi
910 1963 1073 2038 sequitur,
1102 1978 1230 2039 pugnos
1255 1962 1291 2023 in

978 2039 1146 2120 [uentrem
1162 2042 1289 2120 ingere.

216 2146 445 2232 Calliopianis
470 2148 680 2215 etiamnunc
704 2149 976 2215 assentiendum
999 2156 1062 2225 est,
1091 2150 1152 2235 qui
1181 2150 1291 2217 uerba

25 2270 28 2277 '
96 2328 99 2334 ,
151 2261 391 2360 impurum...
432 2260 525 2329 uutct
567 2283 639 2330 non
679 2264 871 2344 Chremeti,
909 2284 1053 2332 uerum.
1078 2265 1292 2351 Demiphoni

174 2368 350 2446 tribuunt.
374 2379 435 2446 Hic
461 2380 558 2445 enim
582 2399 691 2464 quem
713 2381 772 2447 ilie
795 2381 1002 2448 Phormioni
1027 2401 1066 2458 os
1089 2381 1297 2467 opprimere

173 2495 291 2575 iussit,
308 2495 501 2579 respondet
525 2514 562 2561 se
582 2496 680 2562 iussa
701 2497 850 2582 exsequi
872 2516 943 2564 non
966 2516 1081 2581 posse,
1100 2497 1184 2582 quia
1206 2496 1295 2562 uaii-

173 2609 252 2678 dior
268 2611 409 2678 uirihus
427 2611 605 2695 parasitus
622 2612 667 2678 sit
679 2613 733 2678 tci.
749 2610 841 2678 erato
855 2611 945 2678 solus
960 2631 1089 2699 irequco
1106 2630 1290 2690 (recurrero,

175 2746 208 2793 u.
244 2727 335 2808 983).
372 2728 460 2794 ltem
496 2728 691 2812 posteriore
720 2746 827 2794 uersu
858 2729 1073 2795 sententiam
1103 2747 1176 2794 iiou
1211 2735 1297 2797 ioca

175 2842 374 2910 Chremetis
402 2843 439 2908 in
468 2861 529 2909 ore
553 2843 762 2928 Calliopiaui
794 2845 870 2910 iure
901 2851 1116 2929 posuerunt3
1149 2864 1233 2910 nam
1261 2849 1296 2912 et

177 2963 285 3030 huius
308 2963 530 3030 Nausistrata
554 2972 783 3044 uxo1·est,et
805 2965 889 3030 huic
911 2965 1158 3049 potiusquam
1180 2964 1296 3031 Demi-

178 3079 287 3163 phoni
307 3079 510 3145 timendum
531 3086 584 3145 est
605 3098 649 3145 ne
670 3099 709 3145 ea
730 3080 825 3146 toras
844 3088 957 3147 exeat.
981 3081 1164 3146 Praeterea
1187 3099 1295 3146 uersu

177 3194 242 3261 988
281 3196 391 3261 uerba
429 3192 500 3259 iiiii
539 3194 732 3281 sequitur...
777 3193 894 3280 inpuro
935 3195 1112 3263 Chremeti
1152 3214 1297 3280 quoque

178 3311 368 3377 tribuenda
394 3317 491 3390 sunt,
520 3330 590 3376 non
617 3318 758 3378 tantum
783 3313 866 3397 quia
893 3330 988 3379 unus
1014 3311 1192 3396 Demipho
1212 3331 1297 3382 culn

178 3425 395 3491 Phormione
413 3433 559 3512 pugnat,
576 3427 664 3491 dum
682 3426 852 3519 Chremes
866 3445 950 3493 eum
965 3427 1118 3494 retinere
1131 3433 1295 3506 conatur,

179 3542 372 3620 sedetiam
398 3542 480 3626 quia
505 3560 628 3608 rerum
654 3542 690 3621 in
717 3543 808 3609 serie
828 3540 898 3608 uiui
921 3541 1076 3629 sopiretur
1092 3542 1298 3628 (subaudito

181 3654 460 3751 niniviticum
482 3675 562 3743 rupe
582 3655 673 3724 huuc
694 3658 743 3744 (u.
766 3657 844 3744 985)
866 3659 1109 3745 coniungitur.

182 3797 280 3860 108.
305 3798 373 3861 990.
418 3797 485 3859 ΝΑ.
513 3799 574 3872 Qui
597 3799 750 3860 nominat
774 3801 851 3861 me?
875 3798 939 3863 CH.
965 3812 1036 3876 tom.
1056 3802 1094 3874 A)
1118 3800 1211 3860 Hem.
1230 3796 1297 3869 ΝΑ.

597 3880 681 3951 itum.
695 3879 745 3954 Α).
759 3880 841 3953 Quia
856 3881 942 3941 istuc
953 3881 1138 3943 turhaeost.
1150 3879 1298 3951 obsecro,

422 3959 465 4019 Mi
483 3958 559 4020 uir?
575 3957 642 4020 PH.
658 3961 772 4034 Ehem,
789 3961 871 4038 quid
888 3978 979 4022 nunc
993 3959 1211 4038 obstipuisti?

227 4076 427 4143 Perfectum
449 4073 641 4161 obstipuisti
657 4096 721 4162 pro
743 4083 930 4161 praesente
947 4074 1086 4160 otuipes
1102 4077 1300 4142 ohscurum

183 4199 235 4257 est
266 4210 382 4276 neque
411 4193 640 4277 comprobari
669 4199 795 4277 potest,
826 4193 853 4257 si
880 4211 990 4259 uxore
1021 4193 1115 4259 toras
1149 4191 1301 4265 excitata

184 4308 353 4377 Chremes
384 4309 474 4374 nihii
501 4308 598 4374 atiud
629 4309 698 4374 nisi
730 4309 821 4376 silet.
848 4311 932 4374 Hom
959 4328 1045 4375 nero
1075 4309 1221 4395 signum
1249 4314 1303 4381 ost

132 4476 134 4479 v
184 4424 283 4492 iliius
304 4423 529 4492 uehementis
550 4425 752 4503 mirationis
777 4445 888 4511 quoin
914 4431 1040 4510 stupor
1064 4424 1135 4503 iam
1157 4425 1300 4510 eucipit.
