3360 5656
765 583 923 652 „pp-

284 781 371 847 haeo
399 784 485 845 sunt
511 779 676 863 exempla
694 791 793 863 'quae
818 779 931 846 critici
961 780 1034 847 lara
1062 794 1188 848 omnes
1214 777 1316 846 lihrle
1345 779 1402 846 Dl}

283 894 371 962 ultio
389 899 547 974 uertunt,
562 909 627 960 uos
645 908 731 961 uero
749 896 1029 980 reprehensione
1043 909 1166 963 carcre
1182 893 1399 963 iudicamus.

442 1059 509 1122 168.
552 1062 593 1123 Vt
606 1079 647 1123 nc
663 1063 795 1137 addam,
813 1065 901 1142 quod
925 1065 998 1125 sine
1014 1071 1149 1143 sumptu
1166 1065 1348 1144 ingenuam
1364 1081 1402 1126 ac

801 1156 891 1239 [tom.
907 1150 1356 1238 A‚Cull.tltberalomnaotus
1367 1171 1402 1222 os

325 1303 472 1369 Minime
488 1307 627 1387 oportet
646 1298 822 1369 adiectiua
840 1303 933 1395 inter
953 1320 991 1369 se
1011 1303 1184 1389 asyndeta
1205 1320 1297 1379 esso,
1314 1320 1402 1388 quo-

281 1418 378 1485 niam
393 1417 595 1486 secundum
613 1434 685 1493 non
702 1416 875 1501 majorem
892 1418 967 1484 uim
983 1419 1040 1490 uel
1052 1416 1160 1485 aliam
1172 1436 1282 1503 ‹puam
1300 1417 1401 1504 prius

280 1534 399 1613 habet,
426 1533 488 1600 sed
507 1532 668 1623 vuicinam
694 1538 727 1599 θῖ
750 1531 853 1617 quasi
874 1532 1043 1600 adfinem.
1068 1533 1190 1618 ltaque
1213 1533 1342 1619 copula
1362 1549 1402 1598 uc

279 1648 414 1734 optime
447 1647 720 1732 coniunguntur
762 1646 824 1733 (ct.
869 1648 929 1716 tlt
969 1665 1054 1714 curo
1088 1653 1117 1712 rt
1154 1638 1398 1727 sollicitudine,

279 1764 360 1843 Ad,
381 1762 423 1830 57
444 1760 574 1848 pudore
594 1770 623 1828 ot
644 1751 860 1841 liberalitate,
884 1763 925 1828 et
946 1780 1089 1848 parcum
1109 1759 1331 1831 octobrium.

318 1949 381 2012 75.
390 1949 459 2012 521.
476 1949 732 2022 Pollicitantom‚
745 1948 878 2010 flentem
891 1955 924 2011 et
936 1949 984 2010 nil
995 1948 1156 2012 terentem
1170 1949 1215 2026 tet
1228 1948 1276 2010 nil
1290 1948 1401 2042 leren-

517 2044 608 2125 [tem‚
626 2045 759 2108 tlentem
776 2047 812 2116 l,
831 2042 940 2121 Cultu
958 2063 1048 2109 nuno
1061 2053 1175 2108 contra
1192 2046 1305 2106 omnia
1320 2045 1401 2107 haec

323 2200 358 2274 Sl
384 2200 466 2292 quis
490 2200 580 2272 alios
602 2205 724 2285 libros,
751 2216 792 2272 ac
817 2217 888 2272 nun
912 2200 979 2285 DG,
1007 2209 1154 2272 secutus
1177 2223 1301 2272 secum
1324 2205 1400 2291 ipse

277 2318 418 2408 quaerit
444 2341 556 2408 quare
584 2321 743 2408 Antipho
767 2321 860 2401 tleat,
890 2320 977 2406 quid
999 2339 1083 2389 eum
1109 2321 1242 2390 sentire
1267 2319 1400 2408 putcs‘l

277 2456 323 2504 an
344 2434 588 2521 Antiphonem
607 2454 649 2503 oo
670 2437 754 2503 llere
774 2437 871 2522 quod
890 2437 1008 2504 lenoni
1031 2436 1121 2504 nihil
1142 2434 1331 2503 attulerit?
1355 2437 1399 2504 At

277 2554 365 2620 traco
381 2552 606 2637 ineptissima
628 2558 680 2619 θεῖ
697 2552 884 2620 sententia.
910 2553 1063 2618 Pulchre
1083 2570 1170 2619 itero
1193 2551 1399 2637 significant

278 2664 334 2734 nt}
357 2668 601 2754 Antiphonem
624 2663 942 2752 pollicitationibus
964 2673 997 2734 et
1023 2662 1182 2734 lacrimis
1202 2665 1247 2733 ab
1270 2662 1398 2734 lenone

278 2802 411 2871 paucos
440 2783 516 2850 dics
540 2783 745 2867 impetrare,
779 2788 886 2866 atquc
914 2788 1035 2868 postea
1067 2782 1156 2848 nihil
1181 2783 1225 2849 ad
1251 2781 1396 2869 ¹tempus

276 2898 414 2987 argenti
432 2899 571 2966 allerrc.

315 3076 375 3138 76.
433 3074 503 3137 293.
563 3075 676 3152 Neque
688 3073 858 3137 testimoni
875 3081 925 3136 cst
940 3074 1043 3137 diotio
1055 3074 1171 3151 (dictio
1185 3081 1235 3137 est
1251 3074 1288 3150 ll,
1301 3072 1396 3152 Coti.)

1097 3170 1105 3250 l
1122 3207 1160 3212 —
1173 3173 1267 3235 Mitto
1283 3175 1396 3236 omnia

377 3352 378 3357 ἵ
436 3272 504 3333 732.
564 3255 1395 3350 Numquaenaooosranus(anusestl.cott‡),exa-

704 3366 844 3444 [nimata
867 3385 884 3427 a
901 3366 1003 3428 tratre
1016 3381 1242 3446 quacegressa
1258 3372 1307 3431 est
1323 3384 1397 3432 meo

320 3530 425 3616 Apud
439 3529 495 3596 DG
509 3526 721 3598 concinnior
737 3533 791 3594 θεῖ
808 3527 1070 3609 uocabulorum
1088 3529 1287 3597 collocatio.
1306 3529 1394 3598 Nam

275 3645 504 3713 substantiae
520 3644 637 3723 ¹uerbo
653 3643 838 3711 interiecto
859 3642 974 3727 magis
990 3643 1230 3727 conspicuum
1247 3644 1286 3712 fit
1305 3644 1395 3713 tarti-

274 3758 371 3826 nont
391 3766 425 3827 et
441 3757 532 3838 lucc,
550 3765 657 3845 atque
672 3776 714 3825 oo
725 3757 901 3827 sententia
921 3758 1072 3826 acutior.

314 3909 376 3970 77.
394 3912 443 3970 97.
502 3909 543 3969 Εθ
558 3911 619 3971 sita
636 3915 706 3969 erat
722 3910 946 3969 exaduersum
963 3920 1072 3986 neque
1087 3905 1137 3968 illl
1152 3909 1355 3972 beneuolens

394 4007 442 4069 98.
509 4007 622 4084 Neque
638 4013 738 4067 notus
766 4024 875 4084 neque
893 4006 1215 4083 uicinustoognatus
1235 4006 1272 4079 Α,
1301 4007 1394 4087 cult)

988 4103 1095 4182 [extra
1110 4122 1211 4168 unam
1224 4107 1391 4170 aniculam

513 4204 696 4283 Quisquam
714 4204 838 4274 aderat,
857 4202 915 4282 qui
931 4202 1096 4264 adiutaret
1113 4204 1215 4266 lunus

318 4356 406 4425 Cum
429 4358 458 4423 is
475 4357 535 4442 qui
560 4357 719 4441 loquitur
736 4355 803 4422 sibi
821 4356 1048 4439 proposuerit
1064 4355 1267 4424 describere
1284 4371 1393 4442 quum
