3360 5656
879 674 1037 739 ,80-

462 914 467 926 .
513 866 542 926 is
559 868 645 943 quod
665 868 745 925 mihi
765 866 893 926 dederit
918 866 958 925 de
975 866 1035 925 bac
1056 882 1089 924 re
1118 865 1311 933 consitium,
1340 865 1372 923 id
1398 881 1528 940 sequar

1223 966 1527 1048 {tensoquart'utdt

464 1127 470 1138 .
516 1079 600 1152 Quid
617 1080 645 1139 is
664 1080 769 1140 fecit?
787 1112 824 1120 -
847 1078 1040 1138 Confutauit
1061 1078 1173 1138 uerbis
1191 1079 1372 1138 admodum
1396 1078 1526 1136 iratum

1122 1182 1248 1261 {senem
1268 1184 1408 1260 (patrem
1429 1181 1529 1255 tud.)

466 1342 471 1352 .
518 1293 565 1364 Ei,
584 1295 860 1353 metuotenonem
879 1292 1074 1369 nequidsuo
1091 1299 1165 1351 suat
1178 1291 1291 1367 capiti.
1307 1326 1344 1330 —
1362 1292 1530 1367 idemego

1144 1390 1276 1466 [uereor
1293 1397 1415 1448 <metuo
1430 1386 1530 1463 datr.)

467 1534 472 1546 .
518 1489 621 1549 Crede
639 1489 735 1560 mini,
753 1488 914 1564 gaudebis
930 1490 1034 1560 iacto;
1060 1506 1175 1547 uerum
1196 1489 1305 1547 berete
1324 1489 1384 1547 boc
1407 1493 1469 1546 est.
1489 1520 1531 1527 —

1066 1583 1213 1663 {Somnia
1231 1584 1410 1660 (somnium
1432 1581 1531 1658 tjutt.)

445 1686 473 1745 ⁴.
521 1686 589 1745 Soti
607 1690 724 1744 sunr‘us
744 1701 833 1745 nunc
850 1685 914 1755 hic,
936 1685 1091 1761 inquanr;
1109 1684 1182 1756 ebo,
1198 1684 1277 1760 quid
1301 1684 1352 1743 uis
1369 1683 1441 1743 dari
1460 1684 1533 1756 (dic

1221 1779 1312 1858 [quid
1332 1781 1416 1841 uelis
1433 1779 1533 1856 Cart.)

469 1929 475 1940 .
523 1882 657 1957 liugom,
684 1882 771 1957 (ruod
795 1887 927 1957 tempus
952 1880 1181 1941 conueniuudi
1206 1881 1308 1957 patris
1333 1897 1384 1939 me
1408 1897 1534 1957 capere

1122 1975 1271 2055 {suadeat
1288 1977 1410 2051 (iubeat
1435 1974 1535 2054 tan.)

448 2116 477 2137 2.
522 2075 608 2149 Quin
625 2093 714 2136 nouo
730 2080 827 2136 modo
844 2077 872 2137 ei
889 2077 1015 2138 iaceres
1036 2076 1274 2137 coutumeliam
1292 2076 1536 2146 (contumelias

1422 2171 1537 2247 [catti

472 2321 477 2332 .
523 2272 596 2333 Non
610 2273 672 2332 hoc
683 2272 865 2349 publicitus
879 2274 987 2333 scetus
1006 2274 1082 2333 binc
1093 2273 1296 2349 asportarier
1310 2272 1539 2348 (deportarier

1422 2366 1537 2446 [cruta

524 2469 582 2530 Vel
597 2472 730 2528 oculum
744 2468 899 2540 exciude3
918 2476 967 2528 est
989 2468 1045 2529 ubi
1069 2486 1128 2528 uos
1146 2470 1288 2528 ulciscar
1305 2467 1406 2545 probe
1427 2467 1540 2529 [locus

1422 2571 1539 2651 lACqut.)

458 2789 555 2855 115.
580 2789 648 2874 Ego
669 2807 754 2855 uero
773 2807 847 2854 rem
866 2789 917 2854 sic
942 2808 979 2854 se
1000 2790 1131 2854 babere
1151 2789 1298 2872 opinor:
1321 2789 1542 2874 discrepan-

414 2906 480 2971 tias
502 2905 580 2971 ibas
596 2905 809 2988 plerumque
831 2925 849 2970 a
877 2905 1022 2970 librario
1043 2924 1120 2971 esse
1146 2906 1333 2988 proiectas
1357 2905 1417 2989 qui
1442 2907 1542 2971 indi-

416 3021 600 3107 ligentiam
632 3020 851 3087 couscientia
882 3040 1120 3086 numerorum
1146 3027 1409 3105 compensaret.
1444 3022 1545 3088 Haec

415 3137 512 3202 eninr
527 3141 612 3201 sunt
624 3137 733 3202 uerba
752 3136 1003 3220 cognominata
1019 3155 1111 3220 quae
1128 3137 1210 3220 quis
1227 3156 1356 3222 parum
1375 3143 1541 3204 attentus

416 3253 452 3317 in
479 3254 596 3318 iocum
620 3271 724 3317 uerae
754 3252 926 3317 orationis
945 3253 1156 3335 imprudens
1182 3253 1401 3319 substituere
1432 3254 1540 3334 solet,

417 3368 493 3434 siue
508 3386 654 3433 uersum
674 3368 729 3432 uei
746 3374 1022 3451 uersuspartern
1042 3369 1237 3434 memoriae
1254 3369 1453 3446 mandauit,
1466 3389 1543 3453 quo

417 3484 619 3567 expeditius
650 3484 914 3564 transcriberet,
938 3485 1015 3549 siue
1044 3485 1260 3551 seutentiam
1291 3504 1543 3570 numerosque

423 3607 560 3680 tenens,
580 3607 618 3667 ut
635 3618 763 3684 operae
785 3607 919 3684 parcat,
937 3601 1122 3684 exemplar
1143 3601 1363 3685 interrogare
1380 3609 1546 3685 praeter-

419 3716 540 3783 mittit.
555 3715 651 3782 Unde
666 3716 705 3781 fit
718 3723 805 3782 utea
823 3716 1052 3800 potissimum
1069 3717 1102 3781 in
1120 3722 1279 3783 extrema
1296 3735 1424 3783 uersus
1442 3726 1544 3801 parte

420 3839 628 3899 occurrant:
648 3851 731 3897 nam
753 3833 820 3898 hoc
835 3832 923 3905 loco,
947 3833 1029 3918 quia
1046 3840 1143 3898 certo
1161 3820 1395 3916 pede‘uersus
1412 3835 1543 3899 termi-

421 3955 540 4026 natur,
557 3948 665 4013 huius
682 3948 776 4014 modi
794 3948 961 4013 librarius
977 3949 1019 4013 de
1037 3949 1199 4014 numeris
1214 3949 1369 4014 maxime
1386 3968 1543 4016 securus

421 4070 472 4130 est
491 4086 497 4141 ;
521 4070 739 4148 quapropter
760 4083 804 4129 ne
825 4064 909 4148 quid
927 4070 1123 4129 commutet
1144 4065 1265 4130 miuus
1285 4070 1400 4130 canet.

468 4181 542 4244 b'on
556 4180 664 4265 igitur
676 4198 820 4245 necesso
837 4186 890 4246 est
907 4179 1087 4265 iingaurus
1104 4180 1259 4246 aiterum
1271 4181 1542 4249 emendatorem

423 4296 613 4373 exstitisse,
637 4296 697 4378 qui
720 4296 768 4360 rei
805 4296 971 4361 metricae
1002 4296 1136 4379 peritus
1162 4303 1267 4363 esset.
1294 4296 1544 4382 Respiciamus

424 4413 521 4480 enim
530 4414 574 4478 ad
591 4431 740 4479 uersum
751 4412 828 4488 828,
