3360 5656
882 611 1040 670 ..14-

402 795 460 856 788
474 811 519 875 sq.
645 793 711 854 llll.
727 794 808 868 Quia
826 796 880 873 pol
898 795 962 856 mei
980 796 1085 874 patris
1099 797 1182 857 bene
1196 803 1289 874 parta
1303 797 1531 875 indiligenter

520 893 1528 972 Tutatur3nam<is>exeispraediistalentaargentibinall)

523 990 641 1050 Statim
667 991 828 1067 capiebat.
858 991 917 1051 Vir
942 991 1016 1051 uiro
1040 991 1120 1069 quid
1139 991 1305 1069 praestat!
1330 989 1396 1052 bb.
1415 993 1528 1053 Binan

1355 1089 1529 1168 [quaeso‘l

401 1183 468 1245 791.
514 1182 582 1245 ΝΑ.
613 1186 659 1245 Ac
684 1185 784 1246 rebus
809 1185 990 1246 uilioribus
1016 1187 1121 1246 multo
1149 1193 1260 1248 tamen
1288 1188 1411 1248 talenta
1440 1186 1528 1262 (duo

744 1283 878 1357 [talenta
896 1279 988 1359 dull.)
1012 1283 1088 1344 bina
1107 1282 1178 1357 (ont.
1199 1281 1294 1361 dull.)
1314 1281 1377 1345 DE.
1396 1285 1460 1346 Hui
1477 1284 1526 1361 (ἲ)

401 1478 441 1543 ln
474 1497 584 1545 uersu
612 1479 671 1545 791
710 1479 855 1564 Bentley
888 1477 994 1545 multo
1022 1499 1211 1564 superesse
1231 1481 1384 1559 censuit,
1407 1487 1527 1546 tomen

196 1602 200 1609 “
310 1606 312 1612 ·
399 1593 626 1673 Fleckeisen;
660 1601 787 1661 neuter
820 1594 967 1679 quidem
999 1602 1105 1662 recte.
1134 1596 1235 1675 Nam,
1266 1593 1524 1681 praeterquam

400 1709 497 1794 quod
523 1715 721 1795 utrumque
761 1711 980 1777 uocabulum
997 1711 1255 1778 asseuerationi
1275 1711 1525 1779 Nausistratae

343 1855 345 1858 ·
400 1825 476 1890 uim
493 1825 707 1910 pondusque
722 1825 832 1904 addit,
855 1826 951 1892 unde
979 1827 1087 1892 ambo
1117 1828 1349 1911 prouenerint
1375 1833 1438 1894 aut
1456 1844 1526 1894 cur

399 1940 597 2025 excogitata
641 1940 712 2008 sint
746 1960 977 2027 nequaquam
1008 1943 1162 2027 perspici
1188 1949 1316 2027 potest.
1339 1944 1410 2030 Ego
1434 1961 1526 2011 uero

399 2052 528 2121 talento
551 2056 707 2122 arbitror
732 2057 822 2123 nihil
850 2076 966 2143 neque
992 2059 1190 2125 sententiae
1222 2078 1339 2144 neque
1368 2059 1525 2126 orationi

399 2170 570 2255 prodesse
611 2171 668 2246 (cl.
714 2170 824 2238 bibon
868 2171 1113 2260 quaerclae),
1145 2180 1252 2259 atque
1276 2195 1296 2241 a
1322 2193 1431 2242 uersu
1458 2175 1525 2242 789

399 2302 477 2354 esse
515 2287 748 2367 arcessitum;
789 2290 885 2374 quod
920 2295 1112 2374 postquam
1145 2309 1254 2375 supra
1289 2309 1437 2357 uersum
1476 2292 1525 2357 ad

400 2397 504 2487 bino„
521 2403 790 2488 explanandum
830 2404 1117 2489 superscriptum
1155 2405 1294 2486 luisset,
1327 2406 1365 2471 in
1399 2406 1524 2490 ipsum

312 2570 313 2573 ,
399 2537 549 2586 uersum
569 2538 655 2586 casu
678 2519 867 2586 inductum
888 2537 978 2586 esse.
1001 2558 1042 2565 —
1068 2521 1113 2587 At
1138 2521 1168 2587 si
1191 2521 1329 2588 tollitur
1354 2521 1390 2587 id
1412 2539 1525 2588 uoca-

400 2635 539 2712 bulum,
565 2654 695 2702 uersus
716 2635 861 2701 breuior
882 2635 933 2701 fit.
947 2667 997 2680 2-
1019 2636 1154 2702 Idcirco
1174 2638 1363 2704 restituam
1384 2637 1422 2702 in
1443 2636 1525 2704 eius

399 2749 520 2817 locum
553 2751 707 2817 uerbum
738 2751 849 2830 aliud,
876 2752 973 2836 quod
1004 2753 1249 2819 necessarium
1281 2772 1358 2820 esse
1388 2752 1524 2834 iudico,

398 2884 440 2933 ao
460 2867 617 2933 scribam
642 2885 649 2932 :

398 3051 467 3113 791.
513 3055 559 3113 Ac
582 3053 681 3114 rebus
698 3052 879 3113 uilioribus
897 3053 1002 3113 multo
1025 3059 1136 3113 tamen
1153 3054 1253 3123 <ille>
1267 3054 1355 3115 bina.
1375 3055 1437 3115 DE.
1456 3055 1523 3117 Hui

443 3250 482 3317 5.
501 3249 591 3330 Quid
606 3247 741 3336 igitur?
758 3249 851 3314 Num
865 3249 1038 3315 'audacter
1054 3249 1297 3333 profitendum
1311 3257 1365 3318 est
1380 3250 1524 3318 Bembi-

399 3385 486 3431 num
509 3383 582 3431 non
602 3384 680 3432 esse
700 3370 820 3431 ortum
846 3383 888 3430 ex
914 3364 984 3431 alio
1005 3365 1095 3431 libro
1120 3385 1229 3449 quam
1255 3365 1523 3451 Calliopianos‘?

397 3482 551 3549 Tantum
572 3481 788 3548 contendere
808 3487 893 3547 suut
912 3480 975 3565 qui
1000 3499 1072 3546 uon
1092 3482 1258 3562 audeant,
1282 3482 1329 3549 ita
1351 3483 1523 3567 perplexa

398 3604 433 3664 et
447 3597 601 3664 obscura
615 3615 672 3662 res
688 3602 752 3663 est.
767 3596 862 3661 Nihil
873 3602 926 3663 est
942 3596 1039 3662 enim
1054 3595 1236 3663 difficilius
1250 3617 1358 3681 quam
1377 3598 1523 3684 dignos-

398 3730 479 3780 cere
494 3719 529 3779 et
541 3711 744 3779 describere
760 3711 879 3797 qualia
892 3718 1012 3778 essent
1022 3712 1216 3797 archetypa
1230 3712 1523 3799 uniuscuiusque

399 3827 556 3894 lamiliae
590 3827 658 3907 DG,
690 3827 762 3893 CP:
798 3833 849 3894 tot
886 3827 1002 3892 aliena
1032 3835 1257 3911 receperunt.
1287 3828 1455 3895 Attamen
1491 3829 1522 3896 si

399 3942 607 4028 Calliopiani
624 3943 705 4009 libri
723 3943 910 4027 proprium
928 3944 1061 4009 babent
1075 3941 1288 4027 genitorem,
1306 3961 1347 4009 ac
1362 3961 1435 4010 non
1452 3943 1522 4010 sibi

432 4143 820 4254 (lgdddldipronomenls(=
829 4147 932 4205 poteri,
1020 4145 1052 4205 (2)
1078 4145 1115 4193 lle
1137 4145 1271 4206 scriptura
1300 4145 1434 4218 Bembini,
1459 4146 1524 4196 uida

397 4221 451 4270 quo
480 4209 675 4256 consuetudine
685 4207 809 4268 loquendi
819 4208 932 4268 requiri·
987 4209 1058 4268 quod
1068 4208 1199 4281 bobertus
1210 4208 1298 4256 Kauer
1311 4210 1438 4280 opinatur
1451 4211 1523 4270 apud

354 4344 357 4350 ·
398 4270 931 4400 attilltutttltltltlttttlllttt
988 4269 1469 4394 {transnatabatitt*
1494 4272 1523 4320 ¹¹¹

398 4395 469 4457 quod
482 4395 600 4444 Terentii
614 4397 702 4444 aetate
714 4395 885 4443 scribebatur
898 4405 931 4442 ts,
