3360 5656
652 644 813 701 ..41-

173 833 233 894 41.
247 816 339 907 Rea,
349 833 418 894 678.
428 835 470 894 A:
489 832 666 894 Retraham
676 831 1012 909 hercleopinoridem
1026 830 1129 892 adme
1139 829 1290 907 egoillu'd

671 925 785 1008 [hodie
807 928 1291 1007 fugitiuomargentumtamen

255 1029 306 1090 DG
322 1050 329 1089 :
344 1029 520 1090 Retraham
533 1029 645 1089 hercle
658 1027 739 1088 illuc
754 1028 875 1104 opinor
887 1027 928 1087 ad
946 1043 998 1087 me
1014 1026 1205 1104 fugitiuom
1227 1031 1288 1086 eto.

253 1127 374 1188 CPFE:
393 1127 569 1189 Retraham
587 1126 698 1188 hercle
714 1124 834 1204 opinor
848 1125 890 1186 ad
908 1142 959 1186 me
976 1124 1065 1186 idem
1092 1124 1177 1185 iliud
1206 1122 1292 1201 tugi-

1072 1221 1204 1299 ttiuom,
1228 1228 1291 1283 etc.
1418 1213 1420 1215 ’

218 1385 283 1466 Qut
316 1385 437 1453 locum
468 1384 616 1452 intentis
652 1384 767 1451 oculis
796 1383 1007 1459 intuebitur,
1043 1382 1073 1449 is
1104 1382 1295 1468 perspiciet

174 1502 393 1568 uocabulum
415 1498 543 1586 opinor
562 1519 605 1567 ex
627 1519 735 1568 uersu
762 1499 995 1584 praecedente
1012 1500 1083 1566 huc
1098 1499 1295 1584 emigrasse

173 1616 225 1712 (ut
243 1615 290 1682 st'c
314 1614 452 1702 opinor,
475 1635 510 1682 u.
533 1615 633 1700 6Ἱ7);
656 1615 753 1701 quod
776 1615 806 1682 si
832 1615 867 1680 id
895 1614 1082 1682 sublatum
1110 1614 1189 1693 erit,
1212 1620 1293 1681 tum

173 1739 268 1800 recte
282 1751 410 1800 uersus
425 1733 521 1816 apud
534 1733 750 1800 Bembinum
767 1732 887 1799 stabit.
901 1731 1156 1815 Calliopianam
1171 1736 1293 1797 autem

173 1848 372 1915 orationem
388 1866 460 1914 non
481 1854 535 1915 est
554 1849 651 1933 quod
666 1848 792 1915 credas
807 1840 973 1914 consulto
988 1852 1186 1914 correctam
1202 1865 1291 1926 esse,

175 1983 258 2030 nam
289 1964 318 2030 si
348 1983 405 2031 res
434 1964 481 2031 ita
516 1982 553 2031 se
580 1965 738 2045 haberet,
762 1963 956 2048 Calliopius
986 1963 1075 2030 nihii
1101 1963 1199 2030 aliud
1225 1963 1294 2030 nisi

174 2077 275 2145 toute
294 2080 492 2147 recidisset
511 2081 710 2165 Corruptus
730 2098 815 2165 ergo
838 2081 936 2146 iocus
957 2085 1022 2146 est.

174 2300 235 2361 42.
246 2301 413 2375 nearest.
429 2301 759 2381 Deorumuitamapti
771 2302 894 2381 (adepti
912 2297 1005 2377 cut.)
1020 2301 1293 2362 sumus—Frus-

363 2490 366 2497 .
448 2412 450 2416 ·
505 2396 569 2478 [tra
585 2416 722 2479 operam
739 2399 859 2477 opinor
875 2400 962 2461 hanc
977 2399 1050 2474 tom.
1067 2394 1184 2474 CPFE)
1199 2415 1296 2460 sumo

219 2579 324 2647 Recte
339 2578 524 2646 Conradus
541 2578 671 2664 Sydon
683 2578 774 2645 uidit
790 2596 989 2663 pronomen
1004 2575 1092 2644 hooc
1104 2576 1157 2664 (z
1168 2577 1296 2664 mecm)

173 2695 412 2762 obtinendum
451 2712 552 2773 esse;
587 2694 684 2779 quod
717 2694 746 2760 si
780 2694 1027 2786 aduenticium
1057 2700 1162 2771 esset,
1194 2694 1296 2761 'unde

175 2810 402 2896 prouenisset
422 2809 524 2876 iacile
543 2810 626 2894 quis
647 2810 876 2894 perspiceret.
894 2810 1134 2889 Quamobrem
1156 2815 1296 2895 oportet

174 2927 209 2993 id
244 2945 310 2993 suo
344 2928 421 2993 loco
451 2943 595 3010 ponere,
624 2926 672 2992 ita
703 2932 741 2992 ut
775 2926 917 2991 numeri
948 2926 1197 2993 restituantur.
1226 2926 1296 3013 Ego

175 3043 284 3128 igitur
314 3043 365 3109 sic
394 3042 569 3127 legerim:
601 3038 689 3106 hooc
711 3058 809 3106 sumo
836 3058 976 3135 opernm
1006 3039 1140 3126 opinor.
1179 3042 1294 3122 Nunc,

157 3159 346 3244 ‚quoniam
363 3176 435 3224 non
447 3158 604 3232 dubitari
620 3163 736 3242 potest
751 3157 841 3242 quin
852 3158 887 3222 in
900 3158 1096 3243 archetypo
1107 3159 1296 3225 communi

173 3270 262 3339 hooc
288 3274 475 3353 exstiterit,
510 3274 605 3340 haud
637 3264 741 3340 male
760 3273 917 3341 conicias
948 3274 983 3339 id
1009 3275 1228 3341 uocabulum
1260 3252 1296 3341 in

173 3389 402 3475 Calliopianis
424 3389 543 3474 potius
563 3389 740 3456 omissum
761 3407 840 3456 esse
859 3408 969 3475 quam
987 3409 1006 3456 a
1028 3388 1198 3474 Calliopio
1218 3390 1297 3490 ipso

174 3507 218 3572 de
238 3506 416 3573 industria
436 3505 609 3572 deletum.
748 3502 751 3511 '

174 3727 237 3787 43.
257 3728 349 3801 Hea„
366 3727 433 3788 792.
479 3727 514 3787 Id
532 3744 621 3789 nunc
635 3727 845 3788 reddendum
857 3733 906 3788 est
918 3728 989 3797 ilii:
1006 3735 1158 3806 nequetu
1169 3727 1297 3790 scilicet

306 3890 308 3896 ,
362 3825 431 3886 793.
476 3825 559 3886 liluc
575 3824 632 3901 (Eo
653 3842 744 3886 nunc
766 3821 1073 3916 Coiticontugies:
1095 3826 1174 3904 quid
1198 3825 1297 3887 mea?

914 3923 1297 4001 inummihidatumest

217 4085 275 4150 Ait
304 4083 489 4151 Conradus
518 4083 648 4169 Sydow
673 4084 770 4168 apud
799 4082 1013 4168 Calliopium
1045 4078 1171 4151 uoc'em
1202 4103 1297 4151 nunc

175 4199 286 4267 tuisse
302 4201 486 4284 delapsam
503 4218 544 4265 ex
564 4217 672 4266 uersu
688 4198 751 4266 792
768 4200 804 4264 in
822 4218 970 4267 uersum
987 4200 1062 4280 793,
1079 4206 1157 4267 tum
1175 4207 1296 4285 postea

174 4322 414 4383 correctorem
447 4303 553 4383 metri
584 4333 691 4381 causa
728 4333 791 4399 pro
821 4311 902 4380 illoc
929 4316 1117 4401 scripsisse
1144 4334 1194 4382 co.
1227 4303 1297 4403 Ego

176 4448 263 4498 uero
287 4436 428 4498 certum
454 4432 567 4498 habeo
592 4430 729 4497 librarii
750 4431 874 4497 oculos
897 4448 941 4497 ex
964 4427 1049 4497 Illuc
1075 4432 1119 4498 ad
1145 4428 1298 4498 Id'nuoc
