3360 5656
751 547 911 613 „33-

271 753 354 804 nem
375 735 462 802 abA
479 739 615 819 petunt,
635 735 683 802 ita
704 740 743 801 ut
764 753 893 801 uersus
921 734 979 802 hic
1004 735 1071 801 sibi
1100 735 1290 801 laudabilis
1315 752 1401 802 esse

269 850 457 917 uideatur:
473 847 565 915 enim
576 867 705 937 nequeo
717 846 807 915 solos
824 873 833 915 :
849 867 999 916 occurre.
1016 849 1081 915 PH.
1105 852 1174 916 Vno
1187 846 1327 915 iniuria
1336 856 1398 916 est.

315 966 360 1033 At
377 984 506 1050 parum
529 971 610 1050 apte
629 983 770 1031 occurre
792 972 999 1050 usurpatur,
1021 966 1105 1049 quia
1126 963 1296 1031 Chremes
1322 969 1399 1031 nori

272 1081 430 1156 recessit,
451 1081 549 1147 iux-ta
568 1080 686 1146 adstat
712 1086 844 1152 autem,
864 1087 973 1164 atque
992 1080 1024 1146 ei
1043 1093 1105 1164 pes
1126 1086 1268 1147 tantum
1284 1081 1401 1163 proie—

273 1196 409 1262 rendus
429 1201 484 1261 est
506 1202 544 1261 ut
566 1194 779 1278 Demiphoni
801 1195 1017 1279 opituletur;
1040 1202 1118 1261 tum
1140 1194 1223 1279 quia
1246 1213 1303 1261 res
1324 1212 1402 1261 non

273 1318 347 1380 tam
363 1328 503 1376 occurro
523 1329 634 1395 quam
662 1307 716 1396 ser
733 1328 831 1395 opem
857 1310 1020 1395 requirit.
1039 1310 1142 1377 Nunc
1158 1310 1188 1378 si
1203 1310 1248 1376 ad
1260 1309 1401 1377 librum

273 1427 301 1493 D
318 1431 538 1511 spectamus,
557 1426 668 1492 uerba
685 1422 777 1490 enim
791 1421 881 1490 sotus
895 1441 1025 1511 rteqneo
1035 1442 1210 1491 occurrero
1226 1424 1401 1498 uidemus

274 1548 354 1609 tum
374 1541 558 1625 optimam
589 1540 805 1607 sententiam
823 1540 1059 1626 significare,
1100 1539 1401 1625 quandoquidem

274 1675 346 1725 uox
373 1673 549 1722 occurrere
572 1643 741 1722 eamdem'
763 1655 840 1721 uim
863 1656 969 1722 habet
990 1675 1104 1740 quam
1131 1656 1400 1735 «obsistere»,

274 1778 353 1839 tum
388 1770 606 1838 concinnam
642 1770 904 1837 uocabulorum
942 1770 1241 1854 compositionem
1273 1788 1403 1854 praes-

275 1893 361 1962 tare,
384 1885 482 1971 quod
500 1884 698 1969 conspicuo
714 1885 791 1952 ioco
806 1881 896 1951 sotus
910 1885 1069 1970 positum
1085 1899 1150 1951 est.
1172 1922 1215 1932 —
1234 1885 1280 1952 At
1299 1885 1399 1952 enim

277 1999 357 2085 huic
383 2017 584 2086 pronomen
616 2005 793 2084 superest.
824 2037 869 2046 -
897 2000 1079 2067 Toliamus
1108 2000 1217 2086 igitur
1238 1998 1339 2080 iilud,
1361 2008 1399 2073 et

277 2135 318 2184 eo
347 2115 521 2182 audacius
554 2115 701 2201 quidem
728 2116 827 2200 quod
856 2116 900 2181 ad
922 2133 1101 2181 occurrero
1128 2110 1399 2200 explanandum

277 2232 470 2300 inuentum
495 2235 601 2296 estet
622 2237 820 2315 receptum.

320 2460 389 2528 36.
412 2446 595 2526 Ιεηὶιιθτο
611 2457 849 2543 Calliopianos
870 2459 981 2526 libros
997 2447 1284 2545 inspectantibus
1296 2460 1404 2527 nobis

276 2577 345 2644 hoc
358 2575 540 2661 imprimis
560 2575 729 2654 occurrit,
752 2593 837 2641 cum
858 2576 954 2660 apud
975 2594 1035 2642 eos
1061 2594 1148 2641 sane
1164 2576 1279 2643 multo
1297 2576 1403 2660 plura

277 2688 355 2760 sint
369 2709 493 2776 praua.
512 2690 655 2757 nulium
674 2696 795 2756 tamen
810 2688 987 2757 ‘exsistere
1003 2691 1262 2759 uerbuma‘deo
1280 2691 1404 2757 defor—

278 2813 430 2887 motum,
449 2813 489 2874 ut
509 2823 581 2873 non
602 2804 658 2871 uis
675 2806 852 2889 quaedam
863 2805 906 2870 -in
922 2823 963 2871 eo
984 2807 1179 2883 inhaereat,
1203 2794 1296 2891 quae
1319 2825 1405 2876 ora—

278 2923 366 2991 tioni
396 2923 453 2989 uel
484 2920 709 3007 praecedenti
737 2920 795 2986 uei
819 2922 982 3005 sequenti
1015 2922 1153 2989 ratione
1179 2919 1299 3008 aliqua
1330 2943 1403 2991 non

278 3039 547 3125 accommodata
575 3036 632 3116 sit,
655 3041 762 3119 atque
783 3035 920 3100 nullam
946 3036 1218 3122 significa-tionis
1245 3039 1402 3123 speciem

281 3153 467 3237 praeierat,
485 3158 525 3219 ut
544 3150 621 3229 835,
641 3148 778 3235 373.(ex
799 3148 944 3236 ‹iiqnnm
961 3151 1115 3236 natum),
1134 3152 1209 3234 396,
1229 3155 1305 3235 oto,
1324 3155 1403 3235 806,

278 3269 353 3346 906,
378 3268 443 3335 982
460 3265 580 3353 (hinc),
603 3265 680 3345 983,
701 3265 798 3332 root.
823 3265 921 3332 Unde
942 3265 1044 3334 iaciie
1067 3266 1249 3355 colligitur
1274 3268 1406 3338 Callio-

279 3386 382 3470 pium
398 3384 509 3451 libros
530 3382 611 3448 ilios
630 3381 806 3448 arbitratu
828 3399 894 3448 suo
910 3382 1133 3450 retractasse.

282 3616 397 3700 Ι85.
429 3614 464 3680 Si
502 3630 721 3699 quaeremus
761 3630 847 3680 uero
879 3631 989 3697 quam
1023 3615 1199 3682 rationem
1229 3616 1407 3685 adhibens

282 3747 374 3817 quae
398 3728 573 3797 uocabula
596 3727 855 3807 retraetauerit,
879 3729 1086 3796 uidebimus
1113 3749 1197 3796 eum
1218 3731 1408 3799 curauisse

285 3847 445 3940 primum
469 3851 507 3912 ut
528 3843 645 3929 prisca
666 3843 704 3909 in
726 3843 964 3910 recentiorem
980 3844 1133 3930 figuram
1158 3853 1406 3939 conuerteret,

197 4020 200 4027 .
284 3962 385 4041 uelut
396 3961 459 4026 154
474 3956 646 4026 aduentus
659 3956 867 4038 eructuanti,
881 3960 945 4027 535
957 3959 1121 4046 potuisset
1136 3981 1179 4028 ex
1188 3970 1265 4047 pote
1275 3960 1405 4049 suntet,
1466 3997 1468 4001 v

285 4076 351 4144 538
365 4061 485 4142 rursus
501 4093 544 4141 ex
565 4092 715 4150 rursum,
736 4073 800 4141 558
824 4071 890 4140 isto
915 4093 957 4141 ex
980 4072 1093 4156 istaec,
1126 4076 1190 4143 573
1218 4074 1409 4146 audiemus

285 4210 329 4259 ex
349 4188 525 4270 audieras,
541 4188 606 4256 588
621 4187 766 4255 sciebam
779 4208 821 4255 ex
837 4187 972 4264 scibam,
998 4191 1064 4257 928
1079 4187 1177 4257 citeri
1200 4211 1242 4258 ex
1259 4189 1408 4272 ottercc;

282 4313 364 4378 tum
381 4311 492 4372 utaut
508 4311 670 4401 tempora
682 4309 850 4383 mutaret,
864 4323 1021 4388 quorum
1039 4325 1127 4373 usus
1139 4308 1206 4373 sibi
1223 4307 1409 4376 obsoletus
1431 4385 1435 4393 ¹
