<?xml version="1.0" encoding="UTF-8"?>
<!DOCTYPE html PUBLIC "-//W3C//DTD XHTML 1.0 Transitional//EN"
    "http://www.w3.org/TR/xhtml1/DTD/xhtml1-transitional.dtd">
<html xmlns="http://www.w3.org/1999/xhtml" xml:lang="en" lang="en">
 <head>
  <title>
</title>
<meta http-equiv="Content-Type" content="text/html;charset=utf-8" />
  <meta name='ocr-system' content='tesseract 3.04.00' />
  <meta name='ocr-capabilities' content='ocr_page ocr_carea ocr_par ocr_line ocrx_word'/>
</head>
<body>
  <div class='ocr_page' id='page_1' title='image "./quomodobembinus00ramagoog_0068.png"; bbox 0 0 3360 5656; ppageno 0'>
   <div class='ocr_carea' id='block_1_1' title="bbox 678 1294 995 1394">
    <p class='ocr_par' dir='ltr' id='par_1_1' title="bbox 678 1294 995 1394">
     <span class='ocr_line' id='line_1_1' title="bbox 678 1294 995 1394; baseline -0.003 -1"><span class='ocrx_word' id='word_1_1' title='bbox 678 1294 885 1394; x_wconf 80' lang='lat' dir='ltr'>CAPUT</span> <span class='ocrx_word' id='word_1_2' title='bbox 925 1297 995 1393; x_wconf 91' lang='lat' dir='ltr'>Ill</span> 
     </span>
    </p>
   </div>
   <div class='ocr_carea' id='block_1_2' title="bbox 253 1561 1330 1801">
    <p class='ocr_par' dir='ltr' id='par_1_2' title="bbox 253 1561 1330 1801">
     <span class='ocr_line' id='line_1_2' title="bbox 253 1561 1330 1631; baseline 0.003 -6"><span class='ocrx_word' id='word_1_3' title='bbox 253 1619 256 1625; x_wconf 82' lang='grc'><strong>.</strong></span> <span class='ocrx_word' id='word_1_4' title='bbox 350 1564 405 1631; x_wconf 87' lang='lat' dir='ltr'>DE</span> <span class='ocrx_word' id='word_1_5' title='bbox 430 1561 621 1630; x_wconf 87' lang='lat' dir='ltr'>BEMBINO</span> <span class='ocrx_word' id='word_1_6' title='bbox 645 1562 733 1629; x_wconf 85' lang='lat' dir='ltr'>CUM</span> <span class='ocrx_word' id='word_1_7' title='bbox 759 1561 934 1628; x_wconf 85' lang='lat' dir='ltr'>CETERIS</span> <span class='ocrx_word' id='word_1_8' title='bbox 959 1561 1100 1629; x_wconf 85' lang='lat' dir='ltr'>LIBRIS</span> <span class='ocrx_word' id='word_1_9' title='bbox 1124 1562 1253 1630; x_wconf 83' lang='lat' dir='ltr'>INTER</span> <span class='ocrx_word' id='word_1_10' title='bbox 1279 1562 1330 1630; x_wconf 87' lang='lat' dir='ltr'>SE</span> 
     </span>
     <span class='ocr_line' id='line_1_3' title="bbox 480 1730 1193 1801; baseline -0.001 -1"><span class='ocrx_word' id='word_1_11' title='bbox 480 1731 872 1801; x_wconf 84' lang='lat' dir='ltr'>CONSENTIENTIBUS</span> <span class='ocrx_word' id='word_1_12' title='bbox 896 1730 1193 1799; x_wconf 80' lang='lat' dir='ltr'>COMPARANDO</span> 
     </span>
    </p>
   </div>
   <div class='ocr_carea' id='block_1_3' title="bbox 274 1927 1403 3053">
    <p class='ocr_par' dir='ltr' id='par_1_3' title="bbox 274 1927 1403 3053">
     <span class='ocr_line' id='line_1_4' title="bbox 319 1927 1400 2016; baseline -0.004 -18"><span class='ocrx_word' id='word_1_13' title='bbox 319 1929 387 1998; x_wconf 84' lang='grc'>83.</span> <span class='ocrx_word' id='word_1_14' title='bbox 413 1928 588 2010; x_wconf 84' lang='lat' dir='ltr'>Quoniam</span> <span class='ocrx_word' id='word_1_15' title='bbox 610 1928 720 2016; x_wconf 84' lang='lat' dir='ltr'>igitur</span> <span class='ocrx_word' id='word_1_16' title='bbox 740 1946 783 1995; x_wconf 86' lang='lat' dir='ltr'>ex</span> <span class='ocrx_word' id='word_1_17' title='bbox 808 1933 913 2014; x_wconf 80' lang='lat' dir='ltr'>gente</span> <span class='ocrx_word' id='word_1_18' title='bbox 934 1927 1109 1994; x_wconf 84' lang='lat' dir='ltr'>Bembina</span> <span class='ocrx_word' id='word_1_19' title='bbox 1130 1928 1186 1994; x_wconf 87' lang='lat' dir='ltr'>DG</span> <span class='ocrx_word' id='word_1_20' title='bbox 1214 1946 1286 1994; x_wconf 93' lang='lat' dir='ltr'>una</span> <span class='ocrx_word' id='word_1_21' title='bbox 1315 1946 1400 1995; x_wconf 89' lang='lat' dir='ltr'>curn</span> 
     </span>
     <span class='ocr_line' id='line_1_5' title="bbox 276 2042 1400 2130; baseline -0.001 -19"><span class='ocrx_word' id='word_1_22' title='bbox 276 2045 391 2113; x_wconf 83' lang='lat' dir='ltr'>Aorti</span> <span class='ocrx_word' id='word_1_23' title='bbox 413 2051 510 2122; x_wconf 90' lang='lat' dir='ltr'>sunt,</span> <span class='ocrx_word' id='word_1_24' title='bbox 536 2062 653 2130; x_wconf 89' lang='lat' dir='ltr'>neque</span> <span class='ocrx_word' id='word_1_25' title='bbox 680 2042 918 2128; x_wconf 86' lang='lat' dir='ltr'>Calliopianae</span> <span class='ocrx_word' id='word_1_26' title='bbox 942 2043 1134 2129; x_wconf 82' lang='lat' dir='ltr'>participes</span> <span class='ocrx_word' id='word_1_27' title='bbox 1158 2049 1244 2121; x_wconf 90' lang='lat' dir='ltr'>sunt</span> <span class='ocrx_word' id='word_1_28' title='bbox 1269 2043 1339 2110; x_wconf 91' lang='lat' dir='ltr'>nisi</span> <span class='ocrx_word' id='word_1_29' title='bbox 1361 2049 1400 2110; x_wconf 94' lang='lat' dir='ltr'>ut</span> 
     </span>
     <span class='ocr_line' id='line_1_6' title="bbox 275 2158 1403 2246; baseline -0.003 -19"><span class='ocrx_word' id='word_1_30' title='bbox 275 2161 413 2229; x_wconf 89' lang='lat' dir='ltr'>insitiui</span> <span class='ocrx_word' id='word_1_31' title='bbox 447 2160 550 2246; x_wconf 84' lang='lat' dir='ltr'>quasi</span> <span class='ocrx_word' id='word_1_32' title='bbox 586 2160 749 2238; x_wconf 73' lang='lat' dir='ltr'>heredes</span> <span class='ocrx_word' id='word_1_33' title='bbox 784 2176 929 2226; x_wconf 90' lang='lat' dir='ltr'>necesse</span> <span class='ocrx_word' id='word_1_34' title='bbox 961 2164 1015 2226; x_wconf 90' lang='lat' dir='ltr'>est</span> <span class='ocrx_word' id='word_1_35' title='bbox 1049 2158 1137 2226; x_wconf 69' lang='grc' dir='ltr'>ΑΒΕ</span> <span class='ocrx_word' id='word_1_36' title='bbox 1171 2159 1216 2226; x_wconf 92' lang='lat' dir='ltr'>ad</span> <span class='ocrx_word' id='word_1_37' title='bbox 1248 2158 1403 2226; x_wconf 75' lang='lat' dir='ltr'>Terentii</span> 
     </span>
     <span class='ocr_line' id='line_1_7' title="bbox 275 2273 1398 2362; baseline -0.004 -17"><span class='ocrx_word' id='word_1_38' title='bbox 275 2277 475 2345; x_wconf 87' lang='lat' dir='ltr'>orationem</span> <span class='ocrx_word' id='word_1_39' title='bbox 510 2276 771 2343; x_wconf 74' lang='lat' dir='ltr'>restituendam</span> <span class='ocrx_word' id='word_1_40' title='bbox 808 2273 1000 2342; x_wconf 88' lang='lat' dir='ltr'>uniuersos</span> <span class='ocrx_word' id='word_1_41' title='bbox 1029 2274 1110 2362; x_wconf 91' lang='lat' dir='ltr'>plus</span> <span class='ocrx_word' id='word_1_42' title='bbox 1142 2275 1263 2342; x_wconf 89' lang='lat' dir='ltr'>ualere</span> <span class='ocrx_word' id='word_1_43' title='bbox 1287 2293 1398 2361; x_wconf 91' lang='lat' dir='ltr'>quam</span> 
     </span>
     <span class='ocr_line' id='line_1_8' title="bbox 275 2382 1401 2478; baseline -0.002 -21"><span class='ocrx_word' id='word_1_44' title='bbox 275 2386 457 2478; x_wconf 84' lang='lat' dir='ltr'>singulos;</span> <span class='ocrx_word' id='word_1_45' title='bbox 475 2396 553 2457; x_wconf 88' lang='lat' dir='ltr'>turn</span> <span class='ocrx_word' id='word_1_46' title='bbox 570 2395 752 2475; x_wconf 86' lang='lat' dir='ltr'>praeterea</span> <span class='ocrx_word' id='word_1_47' title='bbox 768 2391 794 2454; x_wconf 87' lang='lat' dir='ltr'><strong>A</strong></span> <span class='ocrx_word' id='word_1_48' title='bbox 808 2388 890 2474; x_wconf 91' lang='lat' dir='ltr'>plus</span> <span class='ocrx_word' id='word_1_49' title='bbox 903 2382 1133 2457; x_wconf 87' lang='lat' dir='ltr'>auctoritatis</span> <span class='ocrx_word' id='word_1_50' title='bbox 1142 2387 1274 2456; x_wconf 90' lang='lat' dir='ltr'>babere</span> <span class='ocrx_word' id='word_1_51' title='bbox 1290 2408 1401 2475; x_wconf 91' lang='lat' dir='ltr'>quam</span> 
     </span>
     <span class='ocr_line' id='line_1_9' title="bbox 276 2504 1399 2592; baseline -0.001 -20"><span class='ocrx_word' id='word_1_52' title='bbox 276 2507 344 2586; x_wconf 85' lang='lat' dir='ltr'>DG,</span> <span class='ocrx_word' id='word_1_53' title='bbox 369 2506 587 2592; x_wconf 92' lang='lat' dir='ltr'>quippequi</span> <span class='ocrx_word' id='word_1_54' title='bbox 620 2504 734 2571; x_wconf 88' lang='lat' dir='ltr'>maior</span> <span class='ocrx_word' id='word_1_55' title='bbox 764 2505 809 2572; x_wconf 89' lang='lat' dir='ltr'>sit</span> <span class='ocrx_word' id='word_1_56' title='bbox 841 2511 940 2584; x_wconf 87' lang='lat' dir='ltr'>natu,</span> <span class='ocrx_word' id='word_1_57' title='bbox 969 2505 1025 2572; x_wconf 87' lang='lat' dir='ltr'>DG</span> <span class='ocrx_word' id='word_1_58' title='bbox 1047 2511 1168 2572; x_wconf 90' lang='lat' dir='ltr'>autern</span> <span class='ocrx_word' id='word_1_59' title='bbox 1198 2504 1233 2570; x_wconf 94' lang='lat' dir='ltr'>in</span> <span class='ocrx_word' id='word_1_60' title='bbox 1262 2506 1399 2572; x_wconf 92' lang='lat' dir='ltr'>bonore</span> 
     </span>
     <span class='ocr_line' id='line_1_10' title="bbox 275 2619 1401 2706; baseline -0.002 -17"><span class='ocrx_word' id='word_1_61' title='bbox 275 2628 396 2689; x_wconf 87' lang='lat' dir='ltr'>tamen</span> <span class='ocrx_word' id='word_1_62' title='bbox 417 2621 553 2701; x_wconf 91' lang='lat' dir='ltr'>baberi,</span> <span class='ocrx_word' id='word_1_63' title='bbox 577 2621 660 2706; x_wconf 87' lang='lat' dir='ltr'>quia</span> <span class='ocrx_word' id='word_1_64' title='bbox 677 2620 821 2705; x_wconf 90' lang='lat' dir='ltr'>saepius</span> <span class='ocrx_word' id='word_1_65' title='bbox 846 2619 906 2686; x_wconf 91' lang='lat' dir='ltr'>ubi</span> <span class='ocrx_word' id='word_1_66' title='bbox 928 2620 957 2685; x_wconf 89' lang='grc' dir='ltr'><strong>Α</strong></span> <span class='ocrx_word' id='word_1_67' title='bbox 982 2620 1167 2700; x_wconf 82' lang='lat' dir='ltr'>mentitur,</span> <span class='ocrx_word' id='word_1_68' title='bbox 1197 2619 1245 2687; x_wconf 93' lang='lat' dir='ltr'>ibi</span> <span class='ocrx_word' id='word_1_69' title='bbox 1270 2638 1401 2688; x_wconf 90' lang='lat' dir='ltr'>uerum</span> 
     </span>
     <span class='ocr_line' id='line_1_11' title="bbox 274 2734 1400 2821; baseline -0.003 -16"><span class='ocrx_word' id='word_1_70' title='bbox 274 2738 504 2805; x_wconf 86' lang='lat' dir='ltr'>confitentur.</span> <span class='ocrx_word' id='word_1_71' title='bbox 537 2737 604 2803; x_wconf 85' lang='lat' dir='ltr'>Sed</span> <span class='ocrx_word' id='word_1_72' title='bbox 632 2742 666 2802; x_wconf 90' lang='lat' dir='ltr'>et</span> <span class='ocrx_word' id='word_1_73' title='bbox 693 2735 761 2821; x_wconf 95' lang='lat' dir='ltr'>ipsi</span> <span class='ocrx_word' id='word_1_74' title='bbox 796 2734 1005 2821; x_wconf 87' lang='lat' dir='ltr'>Calliopiani</span> <span class='ocrx_word' id='word_1_75' title='bbox 1044 2736 1140 2803; x_wconf 92' lang='lat' dir='ltr'>baud</span> <span class='ocrx_word' id='word_1_76' title='bbox 1176 2734 1277 2820; x_wconf 90' lang='lat' dir='ltr'>parui</span> <span class='ocrx_word' id='word_1_77' title='bbox 1314 2741 1400 2804; x_wconf 90' lang='lat' dir='ltr'>sunt</span> 
     </span>
     <span class='ocr_line' id='line_1_12' title="bbox 275 2850 1401 2937; baseline -0.002 -18"><span class='ocrx_word' id='word_1_78' title='bbox 275 2853 463 2930; x_wconf 88' lang='lat' dir='ltr'>momenti,</span> <span class='ocrx_word' id='word_1_79' title='bbox 482 2853 543 2937; x_wconf 91' lang='lat' dir='ltr'>qui</span> <span class='ocrx_word' id='word_1_80' title='bbox 560 2858 688 2919; x_wconf 90' lang='lat' dir='ltr'>etcum</span> <span class='ocrx_word' id='word_1_81' title='bbox 705 2851 875 2918; x_wconf 89' lang='lat' dir='ltr'>Bembina</span> <span class='ocrx_word' id='word_1_82' title='bbox 891 2856 997 2935; x_wconf 86' lang='lat' dir='ltr'>gente</span> <span class='ocrx_word' id='word_1_83' title='bbox 1015 2850 1284 2937; x_wconf 86' lang='lat' dir='ltr'>propinquitate</span> <span class='ocrx_word' id='word_1_84' title='bbox 1305 2851 1401 2917; x_wconf 90' lang='lat' dir='ltr'>baud</span> 
     </span>
     <span class='ocr_line' id='line_1_13' title="bbox 275 2965 1402 3053; baseline -0.002 -18"><span class='ocrx_word' id='word_1_85' title='bbox 275 2969 384 3036; x_wconf 94' lang='lat' dir='ltr'>dubie</span> <span class='ocrx_word' id='word_1_86' title='bbox 412 2967 596 3035; x_wconf 91' lang='lat' dir='ltr'>coniuncti</span> <span class='ocrx_word' id='word_1_87' title='bbox 626 2967 698 3034; x_wconf 89' lang='lat' dir='ltr'>sint</span> <span class='ocrx_word' id='word_1_88' title='bbox 730 2972 764 3034; x_wconf 90' lang='lat' dir='ltr'>et</span> <span class='ocrx_word' id='word_1_89' title='bbox 798 2966 972 3034; x_wconf 89' lang='lat' dir='ltr'>nonnulla</span> <span class='ocrx_word' id='word_1_90' title='bbox 1004 2966 1146 3053; x_wconf 81' lang='lat' dir='ltr'>egregia</span> <span class='ocrx_word' id='word_1_91' title='bbox 1175 2985 1218 3033; x_wconf 89' lang='lat' dir='ltr'>ex</span> <span class='ocrx_word' id='word_1_92' title='bbox 1251 2965 1402 3051; x_wconf 87' lang='lat' dir='ltr'>antiquo</span> 
     </span>
    </p>
   </div>
   <div class='ocr_carea' id='block_1_4' title="bbox 275 3080 1533 3277">
    <p class='ocr_par' dir='ltr' id='par_1_4' title="bbox 275 3080 1533 3277">
     <span class='ocr_line' id='line_1_14' title="bbox 275 3080 1501 3168; baseline -0.007 -18"><span class='ocrx_word' id='word_1_93' title='bbox 275 3080 1401 3168; x_wconf 84' lang='lat' dir='ltr'>scilicetlibrodeprompserint.QuamobremquiTerentianas</span> <span class='ocrx_word' id='word_1_94' title='bbox 1500 3138 1501 3141; x_wconf 74' lang='grc'>,</span> 
     </span>
     <span class='ocr_line' id='line_1_15' title="bbox 275 3197 1533 3277; baseline -0.002 -11"><span class='ocrx_word' id='word_1_95' title='bbox 275 3199 480 3267; x_wconf 84' lang='lat' dir='ltr'>comoedias</span> <span class='ocrx_word' id='word_1_96' title='bbox 510 3199 683 3267; x_wconf 88' lang='lat' dir='ltr'>resarcire</span> <span class='ocrx_word' id='word_1_97' title='bbox 717 3204 908 3277; x_wconf 89' lang='lat' dir='ltr'>conantur,</span> <span class='ocrx_word' id='word_1_98' title='bbox 940 3197 1060 3264; x_wconf 91' lang='lat' dir='ltr'>iinon</span> <span class='ocrx_word' id='word_1_99' title='bbox 1087 3198 1123 3263; x_wconf 93' lang='lat' dir='ltr'>in</span> <span class='ocrx_word' id='word_1_100' title='bbox 1153 3197 1326 3265; x_wconf 87' lang='lat' dir='ltr'>Bembino</span> <span class='ocrx_word' id='word_1_101' title='bbox 1355 3197 1403 3264; x_wconf 93' lang='lat' dir='ltr'>ita</span> <span class='ocrx_word' id='word_1_102' title='bbox 1531 3209 1533 3213; x_wconf 77' lang='grc'>’</span> 
     </span>
    </p>
   </div>
   <div class='ocr_carea' id='block_1_5' title="bbox 256 3312 1404 4080">
    <p class='ocr_par' dir='ltr' id='par_1_5' title="bbox 256 3312 1404 4080">
     <span class='ocr_line' id='line_1_16' title="bbox 277 3312 1404 3399; baseline -0.004 -16"><span class='ocrx_word' id='word_1_103' title='bbox 277 3317 424 3383; x_wconf 88' lang='lat' dir='ltr'>haerere</span> <span class='ocrx_word' id='word_1_104' title='bbox 435 3316 566 3383; x_wconf 92' lang='lat' dir='ltr'>debent</span> <span class='ocrx_word' id='word_1_105' title='bbox 581 3322 621 3382; x_wconf 92' lang='lat' dir='ltr'>ut</span> <span class='ocrx_word' id='word_1_106' title='bbox 636 3315 679 3381; x_wconf 89' lang='lat' dir='ltr'>ad</span> <span class='ocrx_word' id='word_1_107' title='bbox 695 3321 833 3383; x_wconf 88' lang='lat' dir='ltr'>ceteros</span> <span class='ocrx_word' id='word_1_108' title='bbox 848 3314 960 3382; x_wconf 95' lang='lat' dir='ltr'>libros</span> <span class='ocrx_word' id='word_1_109' title='bbox 976 3331 1179 3399; x_wconf 87' lang='lat' dir='ltr'>numquam</span> <span class='ocrx_word' id='word_1_110' title='bbox 1196 3312 1266 3380; x_wconf 93' lang='lat' dir='ltr'>nisi</span> <span class='ocrx_word' id='word_1_111' title='bbox 1282 3331 1404 3380; x_wconf 86' lang='lat' dir='ltr'>neces·</span> 
     </span>
     <span class='ocr_line' id='line_1_17' title="bbox 277 3428 1403 3517; baseline -0.004 -19"><span class='ocrx_word' id='word_1_112' title='bbox 277 3432 369 3498; x_wconf 88' lang='lat' dir='ltr'>saria</span> <span class='ocrx_word' id='word_1_113' title='bbox 391 3451 429 3499; x_wconf 91' lang='lat' dir='ltr'>re</span> <span class='ocrx_word' id='word_1_114' title='bbox 450 3431 560 3500; x_wconf 89' lang='lat' dir='ltr'>coacti</span> <span class='ocrx_word' id='word_1_115' title='bbox 592 3431 798 3517; x_wconf 82' lang='lat' dir='ltr'>respiciant.</span> <span class='ocrx_word' id='word_1_116' title='bbox 833 3430 1138 3514; x_wconf 84' lang='lat' dir='ltr'>Quotiescumque</span> <span class='ocrx_word' id='word_1_117' title='bbox 1166 3448 1252 3498; x_wconf 91' lang='lat' dir='ltr'>uero</span> <span class='ocrx_word' id='word_1_118' title='bbox 1275 3428 1403 3496; x_wconf 83' lang='lat' dir='ltr'>incidit</span> 
     </span>
     <span class='ocr_line' id='line_1_18' title="bbox 277 3544 1402 3633; baseline -0.003 -18"><span class='ocrx_word' id='word_1_119' title='bbox 277 3567 406 3616; x_wconf 90' lang='lat' dir='ltr'>uersus</span> <span class='ocrx_word' id='word_1_120' title='bbox 440 3548 477 3613; x_wconf 95' lang='lat' dir='ltr'>in</span> <span class='ocrx_word' id='word_1_121' title='bbox 500 3567 572 3633; x_wconf 94' lang='lat' dir='ltr'>quo</span> <span class='ocrx_word' id='word_1_122' title='bbox 598 3547 744 3615; x_wconf 87' lang='lat' dir='ltr'>animus</span> <span class='ocrx_word' id='word_1_123' title='bbox 776 3546 992 3614; x_wconf 89' lang='lat' dir='ltr'>testimoniis</span> <span class='ocrx_word' id='word_1_124' title='bbox 1025 3545 1137 3612; x_wconf 90' lang='lat' dir='ltr'>uariis</span> <span class='ocrx_word' id='word_1_125' title='bbox 1171 3545 1208 3610; x_wconf 90' lang='lat' dir='ltr'>in</span> <span class='ocrx_word' id='word_1_126' title='bbox 1237 3544 1402 3612; x_wconf 87' lang='lat' dir='ltr'>diuersas</span> 
     </span>
     <span class='ocr_line' id='line_1_19' title="bbox 256 3659 1404 3756; baseline -0.004 -25"><span class='ocrx_word' id='word_1_127' title='bbox 256 3661 396 3756; x_wconf 61' lang='lat' dir='ltr'>‘partes</span> <span class='ocrx_word' id='word_1_128' title='bbox 417 3662 643 3740; x_wconf 85' lang='lat' dir='ltr'>distrahitur,</span> <span class='ocrx_word' id='word_1_129' title='bbox 663 3662 876 3746; x_wconf 90' lang='lat' dir='ltr'>priusquam</span> <span class='ocrx_word' id='word_1_130' title='bbox 894 3660 1057 3727; x_wconf 89' lang='lat' dir='ltr'>Bembini</span> <span class='ocrx_word' id='word_1_131' title='bbox 1078 3659 1280 3727; x_wconf 87' lang='lat' dir='ltr'>auctoritati</span> <span class='ocrx_word' id='word_1_132' title='bbox 1300 3660 1404 3726; x_wconf 90' lang='lat' dir='ltr'>ceda-</span> 
     </span>
     <span class='ocr_line' id='line_1_20' title="bbox 277 3774 1403 3864; baseline -0.004 -18"><span class='ocrx_word' id='word_1_133' title='bbox 277 3785 348 3859; x_wconf 88' lang='lat' dir='ltr'>tur,</span> <span class='ocrx_word' id='word_1_134' title='bbox 372 3786 444 3848; x_wconf 90' lang='lat' dir='ltr'>toto</span> <span class='ocrx_word' id='word_1_135' title='bbox 465 3778 542 3846; x_wconf 91' lang='lat' dir='ltr'>loco</span> <span class='ocrx_word' id='word_1_136' title='bbox 562 3777 752 3864; x_wconf 86' lang='lat' dir='ltr'>diligenter</span> <span class='ocrx_word' id='word_1_137' title='bbox 769 3783 956 3863; x_wconf 88' lang='lat' dir='ltr'>perspecto</span> <span class='ocrx_word' id='word_1_138' title='bbox 977 3781 1010 3842; x_wconf 90' lang='lat' dir='ltr'>et</span> <span class='ocrx_word' id='word_1_139' title='bbox 1032 3776 1214 3856; x_wconf 91' lang='lat' dir='ltr'>meditato,</span> <span class='ocrx_word' id='word_1_140' title='bbox 1236 3775 1295 3842; x_wconf 87' lang='lat' dir='ltr'>alii</span> <span class='ocrx_word' id='word_1_141' title='bbox 1320 3774 1403 3842; x_wconf 89' lang='lat' dir='ltr'>libri</span> 
     </span>
     <span class='ocr_line' id='line_1_21' title="bbox 278 3890 1402 3981; baseline -0.005 -17"><span class='ocrx_word' id='word_1_142' title='bbox 278 3914 393 3981; x_wconf 90' lang='lat' dir='ltr'>usque</span> <span class='ocrx_word' id='word_1_143' title='bbox 430 3895 519 3963; x_wconf 92' lang='lat' dir='ltr'>adeo</span> <span class='ocrx_word' id='word_1_144' title='bbox 548 3894 681 3981; x_wconf 86' lang='lat' dir='ltr'>singuli</span> <span class='ocrx_word' id='word_1_145' title='bbox 712 3893 872 3960; x_wconf 88' lang='lat' dir='ltr'>tentandi</span> <span class='ocrx_word' id='word_1_146' title='bbox 901 3897 987 3959; x_wconf 90' lang='lat' dir='ltr'>sunt</span> <span class='ocrx_word' id='word_1_147' title='bbox 1027 3892 1141 3959; x_wconf 90' lang='lat' dir='ltr'>donec</span> <span class='ocrx_word' id='word_1_148' title='bbox 1179 3890 1402 3959; x_wconf 84' lang='lat' dir='ltr'>firmissimis</span> 
     </span>
     <span class='ocr_line' id='line_1_22' title="bbox 277 4011 664 4080; baseline -0.008 -2"><span class='ocrx_word' id='word_1_149' title='bbox 277 4011 396 4080; x_wconf 88' lang='lat' dir='ltr'>causis</span> <span class='ocrx_word' id='word_1_150' title='bbox 412 4011 664 4079; x_wconf 85' lang='lat' dir='ltr'>excludantur.</span> 
     </span>
    </p>
   </div>
   <div class='ocr_carea' id='block_1_6' title="bbox 258 4201 1403 4512">
    <p class='ocr_par' dir='ltr' id='par_1_6' title="bbox 258 4201 1403 4512">
     <span class='ocr_line' id='line_1_23' title="bbox 258 4201 1403 4291; baseline -0.005 -17"><span class='ocrx_word' id='word_1_151' title='bbox 258 4277 261 4285; x_wconf 67' lang='grc'>,</span> <span class='ocrx_word' id='word_1_152' title='bbox 321 4206 390 4274; x_wconf 88' lang='lat'>84.</span> <span class='ocrx_word' id='word_1_153' title='bbox 416 4206 514 4287; x_wconf 84' lang='lat' dir='ltr'>Quod</span> <span class='ocrx_word' id='word_1_154' title='bbox 535 4224 627 4291; x_wconf 92' lang='lat' dir='ltr'>opus</span> <span class='ocrx_word' id='word_1_155' title='bbox 653 4205 810 4271; x_wconf 88' lang='lat' dir='ltr'>maxime</span> <span class='ocrx_word' id='word_1_156' title='bbox 835 4204 991 4270; x_wconf 88' lang='lat' dir='ltr'>arduum</span> <span class='ocrx_word' id='word_1_157' title='bbox 1021 4202 1073 4281; x_wconf 89' lang='lat' dir='ltr'>fit,</span> <span class='ocrx_word' id='word_1_158' title='bbox 1105 4202 1166 4269; x_wconf 93' lang='lat' dir='ltr'>ubi</span> <span class='ocrx_word' id='word_1_159' title='bbox 1188 4202 1244 4268; x_wconf 87' lang='lat' dir='ltr'>DG</span> <span class='ocrx_word' id='word_1_160' title='bbox 1273 4201 1403 4268; x_wconf 86' lang='lat' dir='ltr'>Callio-</span> 
     </span>
     <span class='ocr_line' id='line_1_24' title="bbox 279 4317 1403 4408; baseline -0.005 -18"><span class='ocrx_word' id='word_1_161' title='bbox 279 4324 394 4408; x_wconf 88' lang='lat' dir='ltr'>pianis</span> <span class='ocrx_word' id='word_1_162' title='bbox 413 4322 596 4390; x_wconf 91' lang='lat' dir='ltr'>coloribus</span> <span class='ocrx_word' id='word_1_163' title='bbox 612 4321 731 4388; x_wconf 87' lang='lat' dir='ltr'>iniecti</span> <span class='ocrx_word' id='word_1_164' title='bbox 746 4326 842 4387; x_wconf 88' lang='lat' dir='ltr'>sunt.</span> <span class='ocrx_word' id='word_1_165' title='bbox 861 4319 951 4384; x_wconf 88' lang='lat' dir='ltr'>Nam</span> <span class='ocrx_word' id='word_1_166' title='bbox 966 4337 1051 4384; x_wconf 89' lang='lat' dir='ltr'>cum</span> <span class='ocrx_word' id='word_1_167' title='bbox 1067 4317 1263 4385; x_wconf 89' lang='lat' dir='ltr'>Bembinus</span> <span class='ocrx_word' id='word_1_168' title='bbox 1274 4335 1403 4404; x_wconf 84' lang='lat' dir='ltr'>cogna-</span> 
     </span>
     <span class='ocr_line' id='line_1_25' title="bbox 259 4434 1402 4512; baseline -0.006 -6"><span class='ocrx_word' id='word_1_169' title='bbox 259 4445 398 4508; x_wconf 88' lang='lat' dir='ltr'>torum</span> <span class='ocrx_word' id='word_1_170' title='bbox 419 4437 582 4507; x_wconf 90' lang='lat' dir='ltr'>subsidio</span> <span class='ocrx_word' id='word_1_171' title='bbox 597 4437 792 4506; x_wconf 89' lang='lat' dir='ltr'>destitutus</span> <span class='ocrx_word' id='word_1_172' title='bbox 822 4436 1001 4502; x_wconf 91' lang='lat' dir='ltr'>minorem</span> <span class='ocrx_word' id='word_1_173' title='bbox 1035 4434 1142 4501; x_wconf 89' lang='lat' dir='ltr'>habet</span> <span class='ocrx_word' id='word_1_174' title='bbox 1168 4434 1290 4512; x_wconf 87' lang='lat' dir='ltr'>fidem,</span> <span class='ocrx_word' id='word_1_175' title='bbox 1323 4439 1402 4501; x_wconf 94' lang='lat' dir='ltr'>tum</span> 
     </span>
    </p>
   </div>
   <div class='ocr_carea' id='block_1_7' title="bbox 0 0 1688 5656">
    <p class='ocr_par' dir='ltr' id='par_1_7' title="bbox 0 0 1688 5656">
     <span class='ocr_line' id='line_1_26' title="bbox 0 0 1688 5656; baseline 0 0"><span class='ocrx_word' id='word_1_176' title='bbox 0 0 1688 5656; x_wconf 95' lang='lat' dir='ltr'> </span> 
     </span>
    </p>
   </div>
  </div>
 </body>
</html>
