3360 5656
279 770 347 832 206.
393 771 640 834 Commeruisse
655 771 800 848 culpam.
816 766 869 831 GE
880 767 962 844 (PH.
977 769 1014 842 Α,
1030 765 1399 845 Gottifloouerumost.

847 864 931 946 [ΑΝ.
948 867 1021 929 Non
1034 882 1173 946 possum
1189 865 1402 928 immutarier

278 965 347 1025 coa.
395 920 547 1042 aaron.
562 967 600 1039 A,
615 963 755 1041 noenu)
770 964 856 1038 outo
872 965 1009 1035 taceres,
1024 964 1051 1024 st
1066 963 1402 1048 atcunqutugrautus

880 1060 956 1139 [tibi
970 1078 1061 1122 nunc
1076 1060 1273 1123 faciundum
1289 1061 1408 1123 ioret‘i‘

324 1259 517 1327 Scaenicae
536 1258 791 1340 consuetudini
817 1242 1003 1344 repugnat
1021 1257 1119 1343 quod
1146 1254 1256 1324 nullis
1270 1251 1402 1327 vtertiae

280 1394 453 1461 personae
473 1365 595 1441 uerbis
612 1365 807 1442 interiectis
818 1373 903 1441 Geta
916 1372 1161 1457 Antiphonem
1174 1391 1240 1441 suo
1254 1357 1404 1443 nomine

279 1491 333 1557 bis
354 1491 508 1557 subinde
524 1491 727 1576 compellat.
742 1490 831 1555 Tum
850 1493 1031 1573 praeterea
1045 1492 1192 1574 apparet
1208 1489 1245 1554 in
1258 1488 1402 1557 duobus

278 1605 465 1673 sententiis
481 1624 552 1672 non
568 1606 663 1671 idem
679 1606 796 1672 inesse
817 1604 1003 1690 ingenium
1023 1622 1030 1669 :
1048 1622 1132 1669 nam
1155 1603 1266 1671 altera
1286 1601 1403 1693 (fortir

275 1718 421 1808 fortuna
440 1718 605 1805 adiuuat)
621 1720 818 1804 Antiphoni
831 1726 1000 1787 mouetur
1013 1719 1158 1785 animus
1171 1725 1205 1786 et
1217 1720 1399 1798 uoluntas,

276 1836 387 1902 altera
402 1833 523 1923 (utqui.
533 1888 553 1902 ..
573 1833 807 1901 commeruisse
818 1831 968 1920 culpam)
985 1854 1089 1902 mens
1102 1841 1136 1901 et
1147 1834 1249 1901 ratio.
1264 1834 1401 1914 Quibus

276 1951 396 2018 causis
413 1951 509 2017 baud
530 1950 684 2017 dubium
704 1969 783 2018 esse
800 1956 886 2037 puto
902 1951 989 2036 quin
1013 1950 1114 2016 libris
1132 1951 1188 2016 DG
1203 1951 1402 2018 assentien-

276 2067 364 2133 dum
386 2066 443 2133 sit.
467 2066 631 2132 Arbitror
651 2065 758 2133 etiam
779 2083 929 2131 uersum
951 2064 1014 2131 ²207
1039 2065 1232 2133 Phaedriae
1256 2078 1402 2152 quoque

276 2181 450 2260 dandum,
478 2181 562 2264 quia
595 2198 636 2253 eo
672 2198 780 2246 uersu
808 2180 838 2245 is
859 2198 962 2246 suam
991 2181 1207 2246 sententiam
1234 2182 1401 2266 persequi

277 2296 406 2382 pergit.
761 2283 772 2296 ’

321 2561 390 2629 82.
418 2562 447 2627 Α
468 2580 578 2627 uersu
598 2560 662 2628 780
682 2561 707 2626 G
729 2561 840 2627 deest.
868 2561 963 2628 Inter
984 2561 1176 2628 uarietates
1202 2562 1399 2628 uerborum

278 2677 357 2744 inD
387 2683 638 2763 comparentes
664 2676 842 2760 plurimae
871 2677 1116 2743 extrudendae
1140 2684 1238 2755 sunt,
1267 2696 1401 2763 paucae

277 2800 411 2873 autem,
434 2812 525 2878 quas
542 2810 688 2858 necesse
713 2798 766 2858 est
790 2810 833 2859 ex
858 2793 1054 2878 archetypo
1079 2794 1266 2860 communi
1289 2794 1401 2860 deue—

277 2909 386 2987 nisse,
402 2907 642 2993 accipiendae.

322 3043 360 3108 V.
378 3041 455 3120 855,
473 3061 558 3108 cum
574 3041 682 3108 ceteri
699 3041 781 3107 libri
803 3047 968 3125 ponunt:
989 3037 1046 3105 sec
1074 3038 1134 3128 pccc'
1157 3038 1244 3106 ictuc
1267 3039 1403 3108 credam

277 3155 326 3224 ito
346 3175 412 3222 easc
432 3154 519 3222 cnibc'
539 3153 733 3231 cccccccccc,
752 3155 779 3220 D
795 3157 830 3221 in
847 3163 1008 3223 extrema
1029 3161 1129 3240 parte
1146 3173 1275 3224 uersus
1298 3176 1403 3243 prae-

277 3274 345 3339 iert
367 3291 374 3339 :
397 3270 490 3338 cicccc
504 3268 591 3336 mcbc'
612 3269 738 3348 cccic'cn;
760 3271 857 3357 quod
878 3271 905 3338 si
928 3271 1129 3354 corrigetur
1146 3272 1182 3336 in
1202 3269 1291 3337 miti
1310 3269 1403 3339 dicus

278 3386 393 3468 uelim,
418 3387 540 3452 minus
562 3387 745 3471 impedita,
761 3393 800 3453 ut
815 3387 955 3472 opinor,
970 3387 1083 3454 oratio
1099 3387 1287 3472 eritquam
1304 3389 1401 3472 apud

278 3511 415 3571 ceteros
433 3504 543 3569 libros
561 3503 619 3589 (ci.
646 3494 899 3580 Heaut.,'1066
923 3501 1078 3588 c'pnoccur
1097 3505 1192 3583 uolo,
1215 3505 1311 3584 Aul„
1337 3505 1402 3570 419

279 3617 382 3686 ducos
402 3615 494 3697 uoto,
517 3625 600 3702 etc.)

323 3752 363 3817 V.
381 3752 457 3831 968,
472 3753 498 3817 D
514 3751 651 3818 addidit
664 3768 716 3816 coc
729 3758 811 3816 ante
824 3758 942 3817 ccrtutc.
961 3751 1174 3838 Quanquam
1192 3753 1269 3820 tieri
1288 3759 1402 3838 potest

280 3872 319 3933 ut
340 3866 374 3933 id
397 3883 597 3951 pronomen
618 3885 661 3932 ex
687 3866 855 3933 inferiore
876 3885 983 3934 uersu
1008 3868 1196 3952 proueniat
1213 3868 1278 3953 (mc
1299 3866 1403 3934 insti-

278 3979 392 4067 portc'),
438 3990 571 4061 tamen,
617 3983 789 4068 quoniam
836 4001 982 4068 perraro
1026 3985 1182 4051 uerbum
1219 3981 1405 4070 odprccbor

208 4129 209 4133 =
279 4097 442 4163 absolute
459 4103 669 4182 usurpatur,
689 4099 800 4163 Dnon
814 4117 953 4164 errasse
975 4102 1179 4183 putauerim
1199 4101 1257 4184 (ei.
1276 4102 1401 4168 eodem

279 4206 387 4278 uersu
409 4231 551 4290 cccccccccc,
576 4232 683 4279 uersu
708 4214 904 4298 posteriore
925 4216 989 4299 cuc)

299 4333 301 4337 ’
324 4345 363 4411 V.
386 4343 462 4424 983,
481 4346 524 4410 de
540 4363 724 4421 occurrere,
744 4345 786 4412 ci.
801 4344 825 4430 ,ξ
842 4346 895 4412 35.
