3360 5656
758 615 917 677 ,68-

279 823 312 869 u.
340 803 404 869 792
433 809 506 880 utut,
533 803 569 868 id
596 809 650 870 est
673 809 797 869 uotum
821 800 1146 885 taut<um>ucllcur;
1168 803 1213 871 ct.
1243 802 1262 889 ἓ
1284 804 1332 890 8),
1355 823 1401 871 ex
1432 840 1434 843 ·

278 919 512 1004 praecedente
542 919 717 987 uocabulo
749 916 866 984 ulrum
896 918 1062 1004 prouenit
1076 915 1139 1005 (ct.
1158 917 1176 1005 ἓ
1192 919 1241 1002 9);
1264 921 1401 1004 quihus

277 1035 365 1101 locis
394 1033 603 1118 Calliopiani
633 1040 729 1101 recte
756 1034 1092 1120 transcripserunt:
1124 1041 1248 1120 operat,
1281 1033 1396 1115 uiuat,

276 1153 415 1217 notum..
427 1149 515 1217 ltem
531 1150 600 1217 hoc
616 1168 723 1217 uersu
742 1169 749 1214 :

251 1371 260 1390 χ
275 1315 346 1376 363.
392 1290 532 1394 Pauper,
543 1317 597 1379 cui
607 1317 643 1379 in
654 1319 726 1393 lom.
737 1316 777 1394 A)
787 1317 1007 1395 operelopera
1018 1317 1056 1392 A)
1071 1318 1140 1377 uita
1153 1325 1235 1390 erat,
1246 1318 1317 1379 ruri
1329 1318 1401 1380 iere

194 1417 196 1421 ’
391 1415 432 1476 Sc
447 1415 640 1476 continebat
655 1437 661 1475 :
679 1415 726 1476 ibi
745 1432 876 1492 agrum,
893 1421 969 1475 etc.-

276 1565 498 1649 splendidior
526 1571 579 1633 est
604 1567 802 1645 sententia;
834 1585 918 1633 nam
946 1565 1115 1632 Phormio
1136 1566 1295 1634 indicare
1318 1568 1401 1634 uult

275 1680 488 1766 Stilponem,
529 1688 569 1748 ut
597 1681 782 1749 hominem
815 1700 1008 1767 pauperem
1040 1688 1075 1749 et
1110 1681 1324 1769 ingenuum,
1361 1683 1398 1748 in

274 1815 360 1884 agro
387 1797 537 1865 colendo
571 1797 711 1864 uictum
744 1797 811 1864 sihi
847 1815 995 1882 parare;
1036 1798 1132 1864 unde
1167 1797 1400 1884 Calliopianis

273 1912 549 1998 obsequendum
566 1919 632 1992 est,
650 1913 734 1999 quia
750 1930 833 1998 opus
849 1913 1021 1980 idoneum
1039 1920 1095 1981 est
1114 1914 1335 1981 uocabulum
1351 1916 1398 1982 ad

274 2028 460 2115 negotium
483 2028 661 2096 rusticum
683 2028 963 2116 significandum
980 2028 1035 2110 tol.
1060 2030 1201 2108 Hauler‚
1221 2030 1396 2116 Phorm.).

272 2143 470 2211 Bembinus
491 2162 578 2210 uero
595 2145 755 2229 primum
777 2144 899 2212 omisit
924 2142 963 2208 iu
984 2150 1063 2228 post
1085 2141 1153 2225 cui,
1172 2144 1301 2212 deinde
1322 2165 1397 2213 uox

272 2276 372 2343 opere
391 2278 567 2328 conuersa
589 2267 643 2328 est
665 2260 702 2326 in
722 2278 838 2346 opero,
861 2260 945 2345 quia
967 2260 1131 2345 proxima
1150 2259 1254 2346 (utto)
1276 2261 1396 2331 littera

273 2391 296 2438 u
315 2374 579 2443 terminabatur
598 2376 656 2458 (ct.
679 2375 697 2461 ᾗ·
718 2377 763 2460 9).
788 2377 893 2461 Apud
915 2377 1014 2444 hunc
1033 2383 1154 2445 autem
1176 2396 1339 2457 uersum,

251 2581 254 2587 .
292 2532 1399 2632 265.VnumcognorislcumnorisAl,omnisnoris.-Hauditaest

274 2699 557 2798 haudquaquam
587 2714 757 2781 credibile
782 2721 836 2782 est
864 2733 941 2780 curn
973 2712 1070 2781 riores
1089 2715 1134 2782 ah
1166 2715 1227 2784 illo
1250 2714 1397 2784 indocto
1501 2697 1503 2701 ’

273 2828 443 2915 Calliopio
459 2831 496 2897 in
516 2829 673 2917 copaort's
692 2832 925 2898 emendatum
951 2849 1049 2910 esse;
1071 2832 1160 2916 quin
1176 2831 1301 2909 inrum,
1318 2831 1348 2899 si
1365 2832 1397 2900 is

272 2944 358 3012 huic
382 2943 539 3032 eupatoris
569 2965 641 3014 non
667 2946 895 3031 pepercisset,
926 2946 1143 3032 scripsisset,
1165 2947 1285 3024 credo,
1317 2965 1396 3013 cum

271 3058 378 3127 noris.
404 3062 527 3146 ltaque
549 3061 691 3128 erudito
711 3061 791 3128 uiro
811 3059 921 3128 Paulo
941 3062 1096 3128 Thomas
1119 3061 1395 3130 assentiendum

271 3182 336 3255 est,
351 3177 413 3262 qui
428 3175 586 3262 coquaris
598 3177 853 3245 Terentianum
870 3197 948 3245 esse
965 3178 1114 3263 pulchre
1129 3179 1397 3246 demonstrauit

178 3340 179 3343 ,
272 3291 440 3376 (Syntaxe
460 3293 507 3358 du
525 3293 625 3359 tutur
642 3297 745 3379 passe
755 3293 844 3361 dans
863 3293 1029 3372 Terence,
1048 3293 1143 3361 Extr.
1162 3294 1206 3361 de
1221 3295 1253 3361 la
1272 3294 1396 3361 Revue

271 3408 314 3474 de
336 3408 463 3475 l'instr.
482 3409 667 3494 puhlique,
687 3409 776 3485 XIX,
793 3409 828 3475 6Θ
849 3409 928 3477 livr.
953 3408 1000 3495 (p.
1019 3409 1083 3491 13),
1102 3410 1215 3486 Gand,
1234 3409 1347 3493 1876).

315 3603 383 3670 92.
398 3605 466 3672 Sed
477 3624 558 3673 ecce
576 3606 742 3673 nonnulli
751 3605 819 3673 loci
832 3606 966 3690 quihus
981 3606 1196 3673 Bembinum
1213 3607 1392 3688 deserere,

270 3719 507 3806 Calliopianos
527 3722 628 3808 sequi
649 3740 721 3788 non
742 3721 888 3789 dubito:

210 3970 216 3979 ί
289 3888 358 3949 482.
404 3889 1392 3967 Quantummetuiestmihi,uenireluiderehlhucsaluom

1008 3990 1110 4064 [nunc
1125 3996 1294 4066 patruum,
1310 3989 1400 4080 Geta¹

320 4144 437 4213 Videre
460 4143 593 4215 solatura
619 4166 690 4215 non
708 4148 851 4216 tolerari
882 4156 1008 4234 potest,
1024 4150 1108 4234 quia
1127 4145 1261 4216 saluom
1281 4168 1393 4217 sensu

270 4270 385 4342 uacat,
400 4264 470 4331 nisi
481 4264 570 4330 lorte
586 4265 743 4349 Antipho
761 4266 889 4333 maluit
901 4266 1024 4333 uidere
1041 4272 1186 4351 patrum
1202 4272 1392 4354 aegrotum

270 4380 329 4446 uel
359 4379 559 4446 mortuom!
588 4380 730 4456 Contra,
759 4381 786 4447 si
813 4381 942 4468 legitur
962 4379 1094 4458 urrelre,
1120 4384 1217 4467 quod
1242 4381 1393 4468 quidem
