3360 5656
638 635 798 698 ..81-

242 826 386 885 Huiusce
401 824 582 885 habendae.
596 824 659 883 Sed
672 822 728 883 ubi
742 840 818 883 nam
837 822 950 882 Getam
962 822 1116 881 inuenire
1130 836 1264 898 possum

159 924 228 985 828.
247 925 286 985 Vt
299 940 412 1000 rogem
447 922 536 1000 quod
551 929 683 998 tempus
698 920 926 981 conueniundi
952 919 1056 996 patris
1085 936 1137 979 me
1160 932 1279 995 capere

822 1016 974 1096 {suadeat
990 1017 1116 1093 (iubeat
1133 1013 1223 1090 Cultu
1243 1048 1281 1055 -

245 1121 430 1196 Argentum
446 1118 573 1195 ttccepi,
588 1117 712 1178 tradidi
729 1117 853 1189 lenoni,
870 1115 994 1176 abduxi
1014 1115 1201 1175 mulierem.

138 1318 142 1325 ’
207 1299 311 1364 Recte
329 1297 525 1363 Bembinus
542 1297 687 1362 exhibet
707 1293 850 1361 sttudrut
868 1318 875 1374 ;
895 1295 941 1362 ita
959 1295 1046 1360 titut
1061 1293 1281 1377 septenaria-

163 1434 244 1480 rum
280 1413 519 1479 iambicorum
541 1412 764 1478 continuatio
784 1411 968 1478 octonario
996 1428 1095 1477 more
1121 1408 1280 1475 Terentii

163 1530 414 1606 conciudatur,
431 1529 603 1612 quoniam
617 1547 709 1594 notia
724 1546 852 1593 scaena
867 1527 1069 1592 inducenda
1080 1532 1144 1592 est.
1163 1525 1283 1591 Libra-

165 1647 241 1711 rius
276 1646 335 1710 iile
368 1651 490 1710 autem
531 1662 594 1728 pro
628 1640 771 1708 ruudcot
800 1642 1097 1728 cognominatum
1129 1641 1283 1706 uerbum

164 1759 280 1828 iubeat
292 1760 448 1827 scribere
464 1760 590 1843 potuit,
609 1778 673 1826 nee
688 1760 821 1825 sentire
837 1778 874 1824 se
895 1777 971 1823 rem
997 1757 1185 1823 metricam
1206 1756 1285 1822 uio-

166 1879 301 1956 lare,ut
316 1876 376 1961 qui
399 1875 630 1959 superiorum
649 1894 823 1941 uersuum
842 1875 969 1941 modos
981 1874 1164 1940 retineret.

212 1994 342 2060 Eodem
359 1992 431 2058 tere
446 1998 548 2076 pacto
563 1992 607 2057 ad
629 1993 709 2069 Ad,
728 1991 794 2058 208
815 1991 873 2074 pt.
898 1992 1002 2075 §fidit

102 2188 109 2202 '
209 2179 272 2239 Sed
292 2195 390 2239 nemo
407 2177 519 2248 dabit;
544 2178 667 2237 trustra
690 2183 820 2254 egomet
837 2177 908 2254 (ego
940 2173 1034 2240 eunt
1067 2193 1195 2237 mecum
1225 2176 1283 2236 has

760 2272 921 2352 [rationes
935 2281 1015 2352 puto
1032 2274 1169 2352 tdeputo
1187 2269 1286 2349 dett.)

170 2462 360 2539 postquam
378 2453 522 2536 scripsit
536 2471 594 2537 epo
617 2471 744 2517 tttt‘cttttt
759 2472 820 2536 pro
837 2459 963 2537 epomet
977 2470 1120 2531 *roecurte
1135 2452 1284 2518 forsitan

170 2570 215 2636 ad
235 2570 500 2636 absoluendutn
513 2587 661 2633 uersum
683 2569 714 2633 ei
730 2570 823 2634 uitro
844 2569 1042 2635 occurrerit
1063 2587 1134 2634 uox
1166 2565 1290 2651 deputo

173 2703 283 2768 quam
300 2686 415 2769 culpae
432 2685 569 2750 inscius
586 2684 641 2749 uei
659 2684 850 2770 neglegens
869 2684 1039 2750 adhibere
1056 2702 1128 2750 non
1150 2684 1295 2749 dubita-

177 2802 275 2868 verit.

220 3031 319 3097 116.
337 3031 467 3110 Quade
489 3050 524 3096 re
542 3030 718 3114 quidquid
733 3037 796 3103 est,
818 3031 888 3096 iam
904 3050 1000 3097 nuttc
1014 3032 1297 3116 disputationem

177 3147 265 3212 mitti
292 3147 514 3230 propositam
546 3146 762 3213 concludere
798 3165 962 3230 possum.
994 3148 1159 3214 Arbitror
1188 3148 1298 3232 igitur

177 3262 388 3345 Caitiopium
414 3261 505 3339 libro
535 3261 683 3344 picturis
716 3263 893 3329 instructo
925 3282 1033 3328 usum
1068 3282 1159 3339 esse,
1189 3282 1298 3347 qttem

179 3397 307 3462 parum
323 3377 499 3442 litteratus
519 3376 577 3440 itte
596 3377 649 3442 vir
676 3378 908 3457 recensuerit,
930 3378 1038 3444 idest
1062 3379 1211 3445 arbitrio
1234 3397 1300 3444 suo

178 3492 386 3559 correxerit.
408 3493 479 3558 Hoc
500 3498 552 3557 est
570 3493 755 3576 exemplar
781 3494 824 3558 ad
841 3494 950 3578 quod,
976 3500 1019 3560 ut
1036 3495 1079 3559 ad
1113 3500 1248 3559 tersum
1267 3500 1301 3560 et

180 3608 427 3686 emendatum,
458 3608 633 3674 librorum
652 3610 677 3673 D
699 3609 726 3674 G
749 3611 969 3694 archetypus
998 3610 1151 3676 collatus
1171 3617 1236 3688 est,
1263 3616 1302 3676 ut

180 3742 221 3790 ex
239 3742 279 3790 eo
290 3723 529 3808 corrigeretur
545 3722 555 3803 (
561 3725 572 3788 t
585 3725 920 3808 uVerumuuoniam
935 3726 1014 3792 iibri
1032 3726 1091 3791 DG
1106 3745 1204 3792 nunc
1217 3745 1302 3792 cum

181 3840 252 3918 CP,
272 3857 369 3904 nunc
384 3859 468 3905 cum
480 3839 530 3903 FE
542 3841 789 3919 consentiunt,
807 3848 948 3924 oportet
960 3860 1020 3908 eos
1035 3860 1106 3907 nou
1123 3861 1165 3907 ex
1179 3841 1304 3907 Callio-

215 4051 235 4096 t.
249 4050 365 4096 Maxime
376 4050 489 4097 dubium
503 4053 543 4097 est
554 4050 716 4112 Calliopium
774 4065 838 4099 uero
856 4052 981 4111 equidem
1001 4052 1077 4099 ilium
1098 4053 1144 4112 uui
1164 4053 1247 4100 libros
1263 4053 1306 4101 DG

184 4113 271 4172 ipsum
302 4112 434 4159 librorum
466 4112 507 4157 titt
539 4113 717 4174 archetypum
773 4128 806 4161 ex
825 4114 989 4174 Calliopiano
1008 4116 1306 4173 retractauerit,etiam

184 4175 364 4225 recensuisse:
379 4187 441 4221 nam
459 4174 484 4221 tu
502 4175 523 4220 si
543 4175 658 4234 iecisset,
673 4180 717 4222 am
774 4180 865 4223 notam
883 4175 1037 4236 ttttttoptus
1055 4177 1182 4223 recensui
1201 4181 1306 4225 mutua·

185 4236 251 4284 iilud
283 4236 462 4297 archetypum
494 4237 639 4294 diiigenter
672 4251 719 4298 por
775 4242 833 4286 tum
860 4251 927 4295 essa,
958 4252 1011 4299 (tuo
1043 4240 1129 4298 major
1159 4241 1307 4288 auctoritas

185 4311 277 4345 omnes
299 4302 390 4359 partes
410 4312 442 4345 ex
464 4312 512 4345 suo
537 4300 605 4346 libro
627 4314 719 4347 euten-
775 4303 856 4361 atque
874 4301 960 4360 majus
976 4302 1094 4362 pretium
1108 4315 1156 4348 suo
1176 4302 1245 4350 libro
1260 4304 1307 4350 ad-

185 4361 313 4419 dauisset,
334 4364 381 4409 aut
399 4361 448 4408 ttae
463 4363 619 4409 recensione
637 4377 720 4410 nouas
775 4365 894 4411 deretur.

185 4423 339 4472 induxisset
369 4424 563 4472 correctiones.
595 4425 721 4474 Arbitror
