3360 5656
749 650 912 708 -46-

270 837 882 916 5³.Pho.‚906.hzldqueadeouenio
891 838 931 898 ad
943 854 1003 897 uos
1014 834 1404 911 nuntiatum‚[)emipho

447 932 544 998 cett:
573 936 688 1014 ltaque
714 936 829 1012 (idque
846 934 883 1009 Dt
906 935 946 994 ad
974 950 1034 994 uos
1057 933 1157 994 uenio
1187 932 1401 1003 nuntiatum,

1215 1027 1401 1108 [Demipho

317 1193 569 1277 inarchetypo
584 1192 732 1258 iderunt
752 1192 861 1257 uerba
879 1187 925 1256 ud
944 1209 1015 1265 uos,
1048 1208 1152 1276 quae,
1178 1209 1287 1275 supra
1310 1207 1401 1256 uer-

272 1328 355 1378 sum
376 1309 421 1376 ad
436 1307 657 1375 uocabulum
679 1304 783 1372 aecio
803 1306 1049 1390 supplendum
1070 1305 1201 1384 addita,
1224 1305 1400 1372 librarius

273 1430 409 1492 temere
434 1424 470 1490 iu
496 1424 617 1508 ipsum
639 1441 787 1517 uersum
805 1422 973 1489 immisit.
1009 1421 1248 1506 Calliopianae
1272 1426 1400 1487 autem

273 1539 446 1606 orationis
462 1544 633 1623 quattuor
649 1537 787 1622 species
801 1536 948 1604 iueruut
966 1556 973 1602 :
993 1537 1027 1601 1ο
1041 1533 1144 1624 edoce
1175 1532 1261 1602 adeo
1290 1532 1400 1601 uenio

273 1651 320 1721 od
335 1672 406 1729 uos,
430 1653 467 1719 2⁰
485 1651 603 1740 itaque
622 1649 707 1718 odeo
727 1649 832 1717 aceio
844 1649 890 1718 od
905 1669 975 1718 uos.
994 1652 1029 1718 3⁰
1043 1647 1256 1737 itaqueodeo
1277 1647 1326 1715 od
1337 1666 1403 1716 aas

274 1767 392 1849 aecio,
415 1770 449 1834 d⁰
468 1766 586 1855 itaque
610 1765 656 1833 od
680 1784 741 1833 uos
765 1764 881 1833 uenio.
904 1767 1066 1833 Primum
1093 1766 1188 1832 enim
1216 1783 1286 1832 uox
1313 1763 1402 1831 odeo

274 1884 438 1969 corrupit
452 1903 578 1951 uocem
591 1880 694 1970 idque
704 1883 741 1949 iu
752 1880 881 1970 itaque,
893 1900 978 1949 uam
989 1884 1086 1966 apud
1101 1882 1260 1950 comicos
1277 1888 1403 1966 poetas

273 1999 391 2089 taque
410 1996 496 2067 odeo
516 2001 552 2065 iu
574 1998 676 2066 initio
698 2017 827 2065 uersus
850 1999 1021 2083 frequens
1041 2004 1094 2065 est
1115 1997 1185 2082 (t):
1212 2004 1290 2064 tum
1312 2017 1403 2065 casu

274 2117 397 2202 aliquo
408 2111 616 2201 odocar-rute
627 2111 732 2181 uenio
743 2113 1030 2192 collocauerunt;
1042 2120 1224 2199 postremo
1235 2114 1403 2199 legerunt

272 2228 454 2312 od<eocd>
477 2249 547 2298 uos.
571 2231 601 2297 Α
622 2229 793 2314 calliopio
812 2248 899 2296 uero
919 2229 1009 2296 nihil
1028 2235 1232 2297 correctum
1252 2236 1318 2296 est.

293 2430 294 2433 ’
323 2426 390 2494 54.
412 2418 464 2493 'De
491 2424 600 2493 uersu
635 2426 712 2504 983,
745 2425 828 2491 uide
861 2443 970 2509 supra
996 2424 1014 2510 ἓ
1046 2424 1099 2491 35.
1132 2425 1313 2491 incertum
1349 2431 1407 2492 est

278 2541 471 2627 Calliopius
506 2542 564 2608 uel
602 2541 695 2607 alius
729 2541 924 2626 quisquam
958 2558 1098 2607 occurre
1132 2559 1196 2624 pro
1224 2557 1406 2609 occurrere

278 2655 445 2746 consulto
465 2657 667 2742 reposuerit
686 2676 731 2722 an
751 2657 796 2722 ab
816 2656 938 2740 atiquo
959 2656 1049 2722 libro
1074 2655 1262 2739 acceperit,
1284 2660 1348 2721 aut
1369 2655 1406 2722 id

279 2774 500 2843 uocabulum
521 2791 564 2840 ex
585 2771 771 2848 occurrere,
797 2772 924 2838 ultima
945 2772 1082 2856 syllaba
1097 2771 1243 2851 amissa,
1263 2757 1404 2838 ¹iactum

280 2890 339 2958 sit.
369 2887 370 2891 ’
446 2919 448 2922 ’

281 3081 343 3145 55.
357 3085 447 3157 Hoc,
464 3082 535 3143 617.
579 3082 684 3144 Credo
700 3099 735 3142 ea
756 3082 862 3160 gratia
883 3082 1065 3143 concordes
1090 3083 1196 3159 magis
1215 3081 1287 3157 (om.
1311 3077 1407 3157 dett.)

740 3186 744 3194 “
981 3180 1024 3258 [si
1042 3198 1108 3241 nou
1125 3181 1319 3253 redducam,
1333 3180 1407 3243 iore

328 3341 413 3410 Mihi
431 3342 601 3410 uidentur
618 3334 980 3435 Calliopiaui'integra
997 3344 1182 3428 archetypi
1197 3344 1307 3409 uerba
1324 3343 1410 3410 reti-

285 3478 369 3526 nere
387 3477 394 3524 :
413 3453 504 3542 quae
529 3478 613 3525 oum
635 3477 755 3524 ‘seusu
785 3464 959 3533 carerent,
994 3451 1298 3544 interpretationis
1329 3459 1409 3526 loco

284 3557 393 3659 mepta
412 3592 682 3658 suprauersum
710 3572 873 3640 additum
904 3580 968 3652 est,
995 3576 1090 3652 uude
1116 3575 1150 3640 in
1178 3575 1298 3658 ipsum
1326 3552 1411 3641 uer-

284 3710 367 3758 sum
384 3689 561 3775 peruenit..
580 3690 764 3756 Praeterea
778 3709 842 3773 pro
857 3697 955 3757 certo
973 3690 1086 3758 haheo
1102 3689 1202 3756 illam
1219 3691 1409 3775 archetypi

285 3807 473 3880 lectionem
496 3824 537 3872 eo
557 3824 635 3873 esse
652 3806 827 3884 uitiatam,
852 3806 948 3890 quod
979 3825 1047 3872 uox
1076 3824 1147 3871 coa
1167 3825 1185 3873 e
1210 3807 1287 3875 loco
1311 3813 1411 3874 mota

286 3928 352 4000 est,
375 3926 483 4007 atque
511 3939 591 3987 eam
614 3922 682 3988 hoc
705 3921 811 4010 modo
841 3921 1092 4008 corrigendam
1124 3941 1202 3989 esse
1221 3942 1228 3987 :
1246 3919 1343 3988 credo
1368 3940 1413 3990 eo

285 4033 402 4124 pretio
421 4034 611 4114 concordet,
633 4027 664 4102 ai
693 4033 887 4111 redducam,
921 4054 992 4102 coc
1016 4035 1111 4124 form
1134 4057 1177 4104 ex
1207 4056 1278 4122 quo
1303 4037 1343 4105 fit
1371 4045 1413 4106 ut

288 4153 387 4220 nulla
408 4152 608 4221 obscuritas
634 4170 751 4237 neque
773 4153 810 4218 in
835 4153 1010 4220 sententia
1032 4153 1107 4237 ipsa
1131 4172 1247 4238 neque
1266 4154 1304 4218 in
1324 4172 1413 4220 sen-

288 4267 482 4336 tentiarum
501 4268 592 4333 serie
608 4269 764 4352 supersit
785 4266 843 4351 (ci.
863 4247 1010 4335 enim'u.
1034 4270 1097 4336 615
1117 4288 1124 4334 :
1143 4271 1205 4335 LA.
1238 4264 1329 4348 outa
1357 4267 1415 4336 uis

321 4444 343 4491 1.
362 4443 401 4492 Ci.
418 4443 498 4501 Mem,
512 4441 567 4501 718,
583 4444 643 4502 ad,
657 4442 712 4502 710,
729 4444 802 4506 flea,
813 4444 869 4497 201,
886 4444 991 4503 Atreu,
1008 4443 1091 4506 rtet,
1104 4446 1155 4493 etc.
