3360 5656
748 547 908 605 ..40-

272 756 364 825 quos
383 744 445 805 aut
473 743 613 805 constat
642 735 829 804 alihrario
858 735 1052 820 nescioquo
1080 753 1159 802 esse
1189 739 1405 820 corruptoS,

272 857 334 922 aut
363 853 562 921 uerisimile
594 859 648 920 est
671 852 840 938 'integros
864 870 907 919 ex
934 851 1083 936 antiquo
1107 851 1200 918 libro
1233 857 1406 936 receptos

272 988 362 1037 esse.
381 967 438 1037 Sic
453 969 617 1053 exempla
637 968 674 1034 in
689 985 796 1052 opere
811 985 877 1034 suo
898 967 1082 1034 Conradus
1102 967 1231 1053 Sydow
1250 966 1406 1053 collegit

273 1086 406 1172 quihus
426 1084 526 1152 nulla
547 1084 711 1151 habenda
731 1089 785 1150 est
800 1083 888 1150 tides
905 1082 915 1153 l
920 1101 954 1167 p.
975 1079 1087 1168 3-ll).
1101 1082 1200 1163 Quod
1222 1088 1261 1149 ut
1279 1083 1405 1149 mani-

272 1200 405 1268 lestum
421 1200 533 1281 fieret,
557 1218 596 1267 ea
610 1217 796 1267 recensere
811 1205 918 1284 atque
929 1199 1071 1286 singula
1086 1198 1256 1266 excutere
1270 1199 1399 1266 uisum

271 1322 325 1385 est
338 1316 464 1384 eodem
479 1316 605 1383 ordine
625 1334 697 1400 quo
717 1335 736 1381 a
757 1313 918 1381 Conrado
939 1315 1069 1399 Sydow
1090 1320 1175 1381 sunt
1196 1315 1346 1400 prolata.

312 1483 373 1546 39.
389 1485 507 1559 Ande,
522 1483 592 1545 977.
607 1481 773 1573 ¹Memini;
791 1488 890 1561 atque
909 1483 991 1544 adeo
1009 1482 1147 1560 longum
1164 1490 1212 1544 est
1223 1477 1322 1544 illum
1341 1502 1400 1546 me

684 1578 774 1660 [tuos
787 1580 885 1642 illum
900 1577 994 1658 call.)
1008 1587 1183 1660 expectare
1198 1581 1280 1642 dum
1298 1589 1401 1644 exeat

272 1727 348 1794 Non
372 1726 416 1792 iis
435 1713 709 1792 assentiendum
725 1730 779 1816 est
798 1724 860 1809 qui
880 1720 979 1791 illum
1012 1741 1064 1790 mc
1098 1710 1288 1809 recipiunt,
1328 1743 1396 1792 cos·

271 1838 371 1909 illum
391 1847 431 1908 ut
444 1850 657 1925 corruptum
680 1839 738 1906 uel
772 1845 1005 1906 retractatum
1036 1839 1203 1920 reiciunt,
1227 1858 1309 1906 nam
1328 1827 1399 1909 hic¹

273 1958 470 2024 Bemhinus
485 1962 593 2036 errat,
612 1955 820 2040 Calliopiani
833 1961 953 2022 autem
971 1962 1104 2023 rectam
1127 1956 1224 2022 uiam
1252 1962 1392 2024 tenent.

272 2073 409 2141 Etenim
427 2071 730 2157 uersihuslllhsq.
742 2070 950 2138 Charinusa
966 2071 1153 2156 Pamphilo
1170 2064 1327 2156 postulat
1355 2079 1397 2140 ut

272 2191 302 2256 is
323 2207 361 2256 se
380 2189 559 2256 Chremeti
576 2188 692 2256 tradat
707 2193 815 2272 atque
835 2189 930 2272 apud
947 2187 1051 2254 illum
1073 2206 1191 2272 prose
1210 2188 1254 2255 de
1270 2188 1397 2254 Philu-

273 2323 378 2372 mena
411 2304 575 2371 ducenda
609 2304 720 2369 uerba
747 2302 860 2369 ‘faciat
892 2301 983 2386 (tuos
1010 2314 1057 2368 est
1089 2320 1183 2369 nune
1217 2300 1394 2384 Chremce;

270 2418 445 2508 sucturum
476 2436 564 2507 quoe
597 2416 688 2485 uoles
713 2415 781 2484 selo
815 2435 879 2484 esre
907 2414 1065 2502 cennech
1094 2419 1153 2484 cui
1180 2419 1395 2504 Pamphilus

272 2535 463 2621 respondet
490 2535 525 2601 id
555 2553 593 2602 se
622 2535 803 2601 iacturum
829 2530 1006 2617 (memini),
1038 2551 1195 2619 eumque
1224 2535 1322 2603 iubet
1353 2544 1395 2605 ut

272 2670 395 2719 secum
416 2651 511 2718 intro
525 2656 581 2717 eat
601 2652 747 2736 (sequere
766 2647 828 2715 huc
844 2667 896 2714 me
915 2647 1020 2727 intur,
1035 2669 1070 2715 u.
1087 2649 1175 2732 978),
1194 2669 1238 2718 ne
1253 2650 1394 2720 diutius
1461 2635 1468 2647 ⁴

271 2768 496 2835 Chremetem
514 2771 733 2851 exspectent.
752 2766 875 2851 ltaque
891 2765 1093 2831 laudandus
1109 2772 1163 2833 est
1183 2767 1393 2836 Fleckeisen

270 2884 367 2970 quod
388 2885 425 2949 in
445 2892 510 2950 sue
532 2900 626 2949 noua
647 2881 802 2954 editione
822 2877 1002 2947 hostilem
1021 2882 1172 2966 excepit.

311 3050 973 3124 40.Heu,183.Abduxiadcenam;nem
985 3051 1067 3111 mihi
1079 3051 1277 3129 magnatem.
1295 3048 1393 3132 dall.)

772 3146 861 3223 lcum
876 3149 989 3209 eciem
1005 3148 1084 3209 inde
1100 3151 1392 3228 usqueapueritia

373 3248 447 3310 Fuit
462 3264 596 3326 semper
611 3246 1065 3325 familiaritas-Voluptatem
1083 3264 1238 3325 magnam
1253 3249 1394 3311 nuntias

316 3381 391 3449 Vox
406 3399 536 3466 mupnd
549 3398 621 3447 non
637 3381 781 3447 tolerari
798 3386 924 3465 potest,
943 3381 1027 3465 quia
1040 3382 1182 3466 longius
1197 3402 1216 3448 a
1229 3362 1394 3468 furniliu-

272 3494 357 3563 re'tos
376 3497 548 3574 recessit;
572 3502 754 3581 praeterea
785 3497 984 3564 sententiae
1013 3515 1085 3563 non
1119 3497 1166 3564 ita
1187 3498 1392 3566 necessaria

271 3619 336 3680 est.
355 3612 456 3678 Haud
494 3612 691 3679 obscurum
726 3617 780 3679 est
813 3629 892 3678 eam
923 3612 1078 3678 alienam
1099 3631 1177 3680 esse
1209 3632 1229 3680 a
1263 3630 1390 3695 uersu,

271 3728 405 3814 quippe
425 3745 518 3814 quae
540 3746 582 3794 ex
608 3745 774 3812 maurium
789 3727 971 3794 inferioris
999 3747 1129 3802 uersus
1162 3726 1387 3812 (uoluptatem

270 3845 445 3928 moenum)
466 3850 543 3910 orta
571 3844 628 3910 sit.
665 3841 857 3928 Calliopius
888 3861 974 3910 uero
1012 3844 1189 3929 integram
1235 3845 1391 3913 Terentii
1438 3905 1440 3910 .

271 3959 470 4026 orationem
487 3959 657 4026 retinuit:
680 3977 790 4044 quem
820 3960 920 4044 sequi
937 3965 1087 4044 oportet.
1120 3961 1391 4044 pronuntiando

271 4072 320 4141 mi
339 4075 469 4141 crimen
486 4073 544 4160 (l).

302 4217 324 4262 l.
343 4214 380 4262 De
400 4214 450 4262 hoc
467 4214 600 4275 exemplo,
616 4216 697 4276 etque
717 4215 799 4262 etlam
856 4218 1008 4264 recenseret
1022 4214 1120 4274 (Reduc
1132 4217 1261 4278 critique
1273 4217 1343 4280 1879,
1355 4220 1390 4282 ll,

270 4279 303 4326 de
323 4281 461 4338 sequente,
479 4278 535 4338 egil
552 4276 685 4324 Aemilius
702 4276 801 4325 Chate—
855 4292 881 4340 p.
897 4276 946 4336 97).
1318 4316 1319 4320 ,

270 4340 334 4398 leln,
356 4352 419 4387 cum
440 4339 541 4387 llhrum
564 4338 678 4388 Conradi
702 4338 801 4400 Sydow
