3360 5656
882 616 1041 680 ..24-

400 821 511 890 quam
533 822 618 872 nere
638 804 940 890 interrogatiunm
956 802 1017 871 flat
1039 803 1195 889 (galtioet
1213 803 1309 871 alors
1332 801 1410 888 (ito)
1432 821 1526 872 vous

401 939 487 987 avez
506 919 668 1005 appris...
689 918 717 1000 i)
736 939 745 986 :
772 919 857 986 inde
872 919 962 985 iilud
982 925 1047 985 tun
1066 915 1204 985 diaetas
1221 915 1328 985 huie?
1347 918 1452 987 Nunc
1479 919 1528 987 ad

401 1053 552 1103 uersum
572 1035 677 1102 fiitsi
698 1043 918 1120 spectamus,
941 1034 1039 1101 haud
1054 1033 1209 1102 dubium
1229 1039 1284 1103 est
1303 1034 1394 1119 quin
1411 1035 1528 1102 uerba

401 1148 439 1217 id
459 1168 535 1216 rum
555 1147 615 1216 hor
635 1147 777 1236 oprbom
796 1146 1012 1216 commodam
1033 1151 1068 1214 in
1096 1149 1359 1233 Demiphonem
1378 1149 1528 1217 cadant.

402 1257 540 1333 Etenim
557 1262 787 1352 aliquotam
802 1260 921 1351 aliquo
937 1282 1036 1350 opere
1050 1249 1145 1330 idem
1157 1257 1372 1348 ualet'atque
1387 1248 1531 1351 aliquid

401 1378 497 1466 opud
515 1377 667 1466 aliquem
693 1378 872 1458 (litteram
903 1379 1138 1464 Demiphonis
1162 1385 1217 1447 est
1237 1379 1347 1464 igitur
1376 1398 1529 1446 narrare

402 1496 536 1582 quihus
569 1496 709 1562 artibus
739 1496 897 1580 Antipho
925 1495 1201 1574 circumuentus
1238 1495 1297 1574 sit,
1325 1494 1529 1562 Chremetis
1650 1551 1653 1553 Α

401 1616 523 1678 autem
557 1611 593 1677 id
626 1610 843 1677 auscultare.
880 1609 979 1677 Adde
1013 1610 1120 1676 etiam
1149 1610 1246 1694 quod
1270 1608 1324 1676 sio
1348 1609 1554 1694 Demipho-

402 1727 509 1794 Getae
542 1726 646 1811 quasi
675 1726 869 1810 respondet
899 1723 957 1811 (et.
978 1726 1044 1790 'tuo
1073 1721 1213 1790 dixeras
1239 1721 1319 1791 huic
1346 1725 1385 1804 t).
1416 1731 1529 1811 atque
1641 1714 1644 1719 ⁴

403 1842 617 1927 pronomina
638 1837 845 1908 horethein
864 1845 1214 1907 consentanenmest
1223 1841 1391 1907 eamdem
1405 1859 1530 1927 perso-

404 1957 696 2042 namdesignare.
1210 1968 1212 1972 ⁴

375 2115 382 2134 ⁶
406 2149 501 2213 105.
518 2150 587 2210 616.
632 2150 762 2217 Inueni.
777 2150 909 2228 opinor,
928 2124 1114 2210 remedium
1138 2149 1215 2210 hnic
1236 2151 1294 2210 rei.
1308 2146 1372 2210 DE.
1389 2123 1470 2225 (CH.
1487 2152 1530 2227 A)

652 2329 662 2342 ι
1293 2244 1402 2325 (Quid,
1420 2248 1532 2310 Geta?

629 2342 716 2415 <hh
735 2348 785 2414 A>
798 2343 890 2418 Quod
905 2344 1124 2405 remedium?

447 2532 536 2601 Cum
558 2530 785 2617 Calliopianis
805 2533 916 2624 uerba
933 2528 1056 2618 potat...
1075 2527 1265 2596 remedium
1281 2532 1390 2599 nnius
1404 2532 1532 2599 Demi-

393 2647 535 2734 phonis
566 2666 645 2715 esse
676 2647 965 2734 significantibus
997 2645 1244 2730 stoequidem
1274 2653 1383 2731 atque
1420 2647 1529 2726 facio,

396 2765 488 2851 ¹quia
509 2762 734 2831 Chremetem
753 2763 910 2847 priorem
927 2763 1142 2841 exclamare,
1164 2761 1425 2846 Demiphonem
1448 2780 1533 2848 pos-

404 2880 572 2950 teriorem
596 2879 683 2944 mihi
701 2896 773 2946 non
795 2896 859 2963 par
879 2875 1036 2950 uidetur,
1061 2893 1145 2944 oum
1163 2895 1220 2943 res
1235 2895 1328 2961 quae
1343 2878 1463 2964 agitur
1483 2880 1531 2945 ad

404 2994 665 3081 Demiphonem
701 2994 931 3079 potissimum
961 2991 1155 3077 pertineat;
1187 2999 1266 3059 tum
1293 2994 1531 3082 antem-quia

404 3110 498 3179 inter
516 3107 608 3197 quiri.
635 3109 741 3175 tinto?
760 3116 794 3175 et
813 3105 1133 3195 quodremertt'nm?
1153 3126 1225 3174 non
1242 3107 1332 3173 nihit
1349 3108 1500 3175 interest
1521 3129 1530 3175 ε

405 3242 489 3292 nam
511 3225 600 3291 iilud
622 3225 800 3298 mirantis,
831 3226 898 3289 hoe
921 3223 1176 3310 interrogantis
1196 3222 1356 3289 hominis
1382 3229 1449 3301 est,
1480 3223 1532 3290 ita

407 3349 445 3409 ut
464 3343 556 3408 dnae
576 3340 774 3407 sententiae
793 3340 829 3404 in
849 3340 975 3406 eodem
995 3356 1058 3405 ore
1078 3339 1214 3405 uersari
1237 3337 1387 3423 possint.

414 3552 507 3616 106.
527 3553 595 3614 666Ι
642 3551 705 3614 ot).
723 3555 749 3614 A
766 3552 876 3630 primo
890 3553 989 3612 homo
1008 3551 1190 3613 insanibat.
1207 3548 1271 3612 DE.
1290 3547 1369 3626 (CH.
1387 3551 1426 3626 A)
1440 3551 1534 3614 Cedo

1269 3645 1363 3726 [quid
1383 3650 1536 3726 postulat

525 3748 592 3809 663.
639 3745 702 3810 tit.
719 3747 980 3822 Qnidinimium
999 3753 1161 3824 quantum
1174 3742 1382 3824 timanthi).
1394 3740 1475 3822 (GH.
1489 3747 1533 3824 A)

900 3844 1109 3918 <Quantnm>
1128 3845 1191 3904 die.
1210 3839 1272 3904 66.
1292 3841 1326 3903 Si
1343 3842 1419 3921 quis
1434 3842 1535 3906 daret

450 4025 526 4092 Non
549 4025 765 4110 Antiphonis
787 4030 958 4109 patruum
975 4023 1075 4089 decet
1096 4022 1318 4107 interrogare
1347 4029 1533 4106 qnantum

406 4143 474 4210 sihi
513 4141 683 4209 Phormio
717 4140 885 4225 postulet,
921 4139 983 4205 sed
1014 4145 1212 4225 patrem,a
1240 4157 1313 4222 quo
1334 4144 1532 4222 argentum

404 4258 675 4324 numerandum
690 4256 768 4323 erit.
784 4257 905 4340 ltaque
921 4253 1159 4337 Cattiopianos
1177 4254 1407 4337 potissimum
1424 4237 1533 4339 sequi

407 4375 594 4453 debemus
608 4357 680 4458 ¹qm
700 4373 843 4458 dnobus
859 4372 895 4437 in
912 4371 968 4436 his
987 4369 1153 4438 uersibus
1179 4369 1449 4457 Demiphonem.
1465 4387 1537 4454 pro
