3360 5656
394 785 489 853 mate
504 785 707 865 coltocauit,
725 787 784 853 uet
803 784 1036 854 conturbauit
1052 787 1088 851 et
1106 783 1358 850 commutauit.
1379 781 1538 851 Conue-

395 901 449 967 nit
467 903 565 967 enim
585 901 622 965 in
643 901 711 967 hac
727 920 765 968 re
787 899 1004 968 Bembinum
1025 915 1203 984 peccasse,
1221 897 1468 984 significando
1487 920 1532 966 u.

394 1016 460 1082 259
480 1015 739 1100 Demiphonem
758 1035 822 1101 pro
839 1017 936 1089 Geta.
954 1015 1015 1081 511
1033 1014 1244 1080 Phaedriam
1266 1032 1330 1097 pro
1346 1013 1531 1093 Dorione,

394 1129 460 1197 896
486 1129 746 1214 Demiphonem
774 1149 839 1215 pro
863 1130 1050 1197 Chremete
1075 1135 1109 1195 et
1134 1147 1263 1195 rursus
1287 1124 1531 1194 Chremetem

120 1301 143 1335 ,
165 1248 271 1346 'ML
301 1238 306 1280 .·
395 1263 460 1331 pro
485 1246 720 1329 Demiphone,
749 1252 857 1331 atque
887 1243 1100 1356 Der—niQi
1130 1246 1246 1310 totum
1277 1257 1428 1308 uersum
1453 1243 1532 1310 426

393 1361 644 1442 attribuend03
667 1367 734 1428 etc.

640 1603 695 1675 m
719 1602 898 1674 crunno
922 1596 1275 1673 connecronrnus
1449 1554 1453 1566 ’

439 1814 507 1885 17.
534 1819 578 1886 At
607 1813 705 1886 enim
731 1814 928 1903 plurimae
952 1814 1070 1903 primo
1095 1815 1242 1884 librario
1264 1820 1434 1901 corrupta
1459 1815 1524 1884 uel

393 1935 527 2002 omissa
548 1931 606 2001 uei
626 1929 891 2001 inconsiderate
916 1939 1076 2017 excepta,
1103 1932 1250 1999 fuerunt
1274 1932 1337 2017 qui
1361 1927 1526 2018 corrige-

393 2055 486 2129 rent,
496 2049 918 2128 restituerentdeterent,
929 2049 965 2113 in
977 2067 1106 2114 uerum
1121 2047 1286 2114 ordinem
1297 2047 1520 2133 redigerent,

393 2171 429 2231 et
444 2164 504 2230 ilia
520 2182 593 2230 non
609 2166 656 2230 ita
671 2165 777 2250 longo
793 2169 873 2248 post
886 2170 1060 2248 tempore,
1078 2163 1272 2247 siquidem,
1292 2169 1332 2259 ut
1346 2162 1523 2247 opinatur

393 2279 572 2348 Robertus
592 2280 711 2345 Kauer
730 2279 826 2363 apud
843 2279 987 2358 flenter,
1004 2278 1284 2363 antiquissimus
1304 2277 1522 2344 emendator

395 2393 461 2482 (Α’)
479 2395 687 2461 iereeadem
699 2401 813 2462 aetate
829 2413 900 2479 qua
912 2395 1065 2478 scriptor
1083 2395 1159 2479 ipse
1169 2394 1317 2472 exstitit,
1331 2390 1519 2460 secundus

392 2509 678 2595 autem(A³)ante
688 2510 885 2594 septimum
898 2510 1083 2576 saeculum
1093 2510 1361 2593 postChristum
1373 2515 1516 2576 natum.

393 2626 641 2692 Concedamus
658 2627 750 2692 hanc
775 2631 981 2709 temporum
1004 2624 1180 2691 rationem
1204 2632 1298 2691 recte
1313 2619 1517 2690 confectam

393 2759 484 2808 esse.
496 2742 663 2807 Attamen
679 2759 763 2807 cum
778 2741 824 2807 sit
836 2747 1120 2807 consentaneum
1137 2739 1248 2806 libros
1263 2740 1371 2806 etiam
1388 2746 1518 2806 uetus-

395 2857 555 2924 tissimos
568 2856 665 2923 uitiis
682 2856 778 2922 haud
795 2874 930 2922 uacuos
946 2874 1036 2932 esse,
1055 2873 1201 2922 necesse
1216 2836 1283 2922 erit
1295 2852 1519 2941 inuestigare
1564 2883 1567 2887 ·

395 3088 581 3152 habeatur.
612 3086 732 3152 Primo
755 3105 842 3152 uero
867 3086 1024 3151 multum
1049 3087 1149 3152 abest
1175 3092 1215 3152 ut
1233 3087 1405 3154 omnibus
1428 3088 1517 3154 locis

394 3208 516 3286 aperte
531 3209 700 3286 corrupta
717 3201 827 3267 uerba
843 3220 971 3267 sanare
986 3202 1104 3267 conati
1121 3202 1206 3281 sint,
1224 3218 1381 3286 quorum
1400 3199 1517 3270 mmor

396 3336 479 3402 pars
505 3317 654 3383 remedii
682 3316 829 3403 indiget,
848 3318 926 3383 siue
949 3336 989 3383 ea
1010 3318 1260 3402 neglexerunt,
1277 3319 1355 3386 siue
1380 3320 1515 3386 intacta

395 3433 650 3499 destituerunt.
676 3432 764 3499 Nam
785 3451 829 3498 ex
851 3432 1038 3498 uocabulis
1057 3433 1301 3517 geminatione
1327 3435 1385 3501 uet
1411 3453 1516 3519 prae—

395 3549 624 3615 termissione
652 3549 811 3633 syttabae
842 3549 1033 3614 cuiusdam
1067 3555 1129 3614 eut
1161 3568 1248 3615 casu
1280 3551 1410 3634 quouis
1443 3551 1516 3618 atio

362 3742 365 3746 μ
394 3663 587 3748 corruptis,
615 3665 704 3730 haec
728 3664 873 3730 nullum
897 3665 1159 3730 emendationis
1183 3666 1378 3750 uestigium
1400 3667 1515 3752 signi-

395 3779 515 3858 ficant,
537 3795 630 3864 quae
653 3797 732 3845 sese
751 3779 908 3845 oderunt
922 3779 966 3845 ad
989 3798 1117 3845 uersus
1133 3780 1210 3858 415,
1233 3781 1310 3860 487,
1334 3782 1409 3862 789,
1434 3784 1513 3865 894,

396 3893 480 3973 759;
504 3892 514 3978 (
541 3894 565 3979 ),
593 3893 653 3979 (2),
676 3892 753 3973 387,
775 3893 852 3973 664,
877 3893 938 3959 631
958 3920 966 3973 ;
992 3895 1052 3976 (4),
1076 3895 1129 3975 uit,
1150 3894 1205 3974 66,
1223 3894 1275 3976 73,
1294 3896 1419 3976 84,88,
1436 3898 1514 3978 167,

395 4007 471 4088 136,
491 4007 566 4087 138,
590 4009 665 4088 147,
692 4009 767 4089 148,
794 4010 964 4089 154,171,
984 4008 1061 4088 762,
1083 4009 1160 4089 763,
1183 4010 1266 4089 396;
1285 4010 1350 4077 326
1370 4018 1404 4078 et
1428 4012 1514 4095 333;

394 4117 471 4202 379,
499 4121 575 4203 382,
601 4119 687 4204 385;
719 4123 825 4202 1666;
853 4121 929 4204 396,
961 4119 1046 4203 417;
1076 4123 1152 4204 458,
1180 4122 1245 4192 569
1270 4134 1305 4193 et
1329 4125 1412 4207 563;
1435 4127 1513 4208 465,

394 4233 471 4316 468,
498 4237 574 4318 566,
602 4235 679 4317 565,
701 4234 761 4306 511
779 4239 925 4325 tempto),
947 4236 1024 4317 524,
1048 4238 1123 4319 549,
1142 4238 1218 4317 559,
1238 4241 1312 4315 571,
1333 4242 1409 4322 589,
1434 4241 1512 4324 617,

394 4351 471 4431 618,
489 4353 565 4433 653,
581 4350 658 4433 666,
674 4350 751 4433 695,
771 4349 846 4431 767,
866 4349 941 4434 715,
961 4350 1036 4434 768,
1056 4348 1130 4432 776,
1150 4351 1225 4436 779,
1243 4352 1320 4436 819,
1339 4352 1416 4438 837,
1433 4353 1512 4433 846,
