3360 5656
615 619 765 682 ,53-

169 812 238 877 Cur
269 828 438 877 necessum
467 811 581 878 critici
615 811 796 896 aspernati
830 813 902 879 siut
931 811 1028 878 haud
1061 812 1164 879 iacile
1192 818 1246 880 esi

124 944 339 1012 cognoscere
351 947 358 1004 ;
372 926 617 993 constateninr
628 926 663 992 id
673 927 894 993 uocabulum
911 928 1079 1012 usquead
1091 927 1245 994 Lucretii

124 1048 276 1108 aetatem
292 1043 467 1110 usitatum
485 1042 612 1120 inisse;
630 1042 675 1109 ci.
694 1042 823 1121 Plani,
839 1042 954 1118 Asin,
969 1042 1048 1119 895,
1061 1042 1153 1120 Cas,
1166 1043 1243 1124 344,

125 1157 1243 1244 nun,1331,suen,219(ncn),uu.,1nc(n);nuennvmr,

124 1273 152 1340 V
172 1273 225 1353 57,
249 1273 324 1341 376.

168 1495 236 1565 69.
248 1497 351 1565 Nunc
367 1498 397 1564 si
408 1498 489 1583 quis
503 1500 655 1566 miratur
667 1500 764 1584 quod
775 1499 812 1566 in
825 1498 876 1566 (ΞΡ
890 1498 987 1566 illius
1001 1500 1246 1586 antiquissimi

124 1615 342 1700 exemplaris
357 1615 508 1702 uestigia
520 1621 593 1682 tam
608 1633 720 1699 pauca
738 1621 946 1700 supersunt,
961 1616 1167 1685 meminerit
1181 1618 1247 1684 hos

123 1749 188 1818 pro
209 1750 274 1798 sua
293 1749 476 1816 quemque
505 1737 605 1816 parte
626 1729 741 1798 mulio
760 1732 929 1816 pauciora
951 1732 1127 1800 uocabula
1146 1751 1248 1818 pers-

124 1849 227 1934 picue
250 1854 419 1932 corrupta
440 1863 551 1932 quam
570 1853 707 1914 ceteros
730 1848 909 1932 praeierre
926 1846 978 1934 (§§
1004 1848 1119 1934 7-14);
1141 1849 1247 1916 cuius

124 1964 174 2031 rei
196 1964 334 2030 nullam
360 1964 527 2031 idoneam
552 1983 699 2032 causam
720 1982 799 2032 esse
819 1964 978 2032 iudicare
1002 1971 1153 2050 oportet,
1177 1967 1246 2033 nisi

124 2081 221 2166 quod
255 2080 432 2147 librorum
462 2079 514 2146 CP
542 2082 780 2166 archetypum
814 2088 980 2149 accurate
1008 2082 1052 2148 ad
1086 2080 1246 2166 Calliopii

126 2217 142 2260 u
161 2196 408 2263 recensionem
428 2216 443 2258 u
460 2202 694 2263 retractatum
707 2196 764 2263 sit.
783 2196 907 2277 Quare
923 2214 1069 2264 neccsse
1088 2203 1141 2264 est
1157 2196 1247 2263 iilud

124 2312 284 2399 grauiter
299 2313 542 2379 adulteratum
564 2312 675 2379 iuisse
695 2319 728 2380 et
750 2330 861 2397 paene
877 2313 1126 2391 immutatum,
1144 2312 1192 2380 ita
1207 2319 1247 2380 ut

126 2445 304 2513 perpauca
330 2428 430 2495 uelut
454 2428 585 2496 sinceri
609 2427 681 2495 oris
703 2428 919 2495 lineamenta
938 2429 1244 2522 discernerentur.

536 2677 590 2745 DE
613 2677 754 2744 LIBRIS
779 2677 834 2744 DG

169 2903 238 2970 70.
253 2903 288 2969 Si
300 2920 338 2969 re
349 2921 449 2978 uera,
462 2903 557 2987 quod
568 2920 677 2986 supra
688 2900 899 2976 arbitrabar,
913 2900 1062 2968 iibriDG
1073 2901 1246 2968 Bembino
1329 2937 1331 2942 ¹

126 3020 280 3105 proximi
307 3018 448 3105 cognati
475 3024 572 3096 sunt,
597 3017 659 3083 ubi
686 3018 731 3083 ab
760 3014 822 3083 iilo
851 3016 1082 3096 dissentiunt,
1110 3017 1159 3083 ibi
1185 3036 1246 3085 eos

124 3140 482 3221 oportetcorruptam
495 3133 694 3200 orationem
706 3132 890 3217 praehere,
904 3133 1037 3217 qnippe
1049 3134 1110 3218 qui
1123 3133 1246 3201 minus
1336 3180 1340 3188 ·

124 3251 285 3337 prouecti
302 3251 375 3318 sint
397 3255 523 3326 aetate,
541 3249 699 3335 exceptis
716 3254 836 3315 tamen
853 3248 940 3316 iocis
956 3249 1091 3334 quihus
1107 3250 1256 3317 Bembiss

124 3387 213 3434 num
243 3367 377 3452 ipsum,
404 3373 444 3432 ui
468 3365 734 3432 mendosiorem
760 3365 907 3443 librum,
938 3366 1144 3449 peccenisse
1174 3385 1245 3434 non

123 3483 333 3551 incredibile
353 3488 418 3550 esi.
441 3481 537 3562 Quae
557 3500 614 3548 res
634 3481 730 3546 enirn
753 3481 800 3547 iia
821 3459 859 3548 se
879 3481 998 3548 habet.

168 3707 236 3772 71.
259 3705 348 3772 Nam
364 3705 483 3771 addita
500 3704 638 3771 suntin
655 3703 710 3786 DG
728 3705 904 3771 uocabula
920 3711 1071 3789 sepiem,
1087 3724 1244 3790 quorum

123 3822 284 3908 quinque
303 3839 388 3888 cum
409 3839 677 3905 superuacanea
699 3827 797 3892 sunt,
819 3826 897 3888 turn
923 3822 973 3887 rei
995 3822 1164 3889 metricae
1184 3831 1246 3892 aui
1361 3817 1363 3820 ’
1459 3827 1460 3832 ’

122 3938 244 4025 generi
260 3937 401 4004 dicendi
417 3937 630 4004 Terentiano
645 3937 886 4004 aduersantur
904 3956 912 4003 :
929 3937 973 4003 46
986 3935 1040 4016 sii,
1054 3913 1123 4004 '130
1139 3935 1240 4014 uude,

124 4056 187 4123 189
203 4053 369 4141 (cumcunl,
394 4054 456 4121 197
478 4060 516 4120 in
535 4071 617 4130 nnn,
641 4053 706 4120 478
726 4072 757 4131 o,
1016 4064 1018 4067 ’

167 4171 306 4239 Omissa
328 4175 414 4237 suni
433 4187 565 4236 nouem
587 4188 678 4255 quae
698 4169 950 4237 desiderantur
974 4175 1035 4236 aut
1056 4170 1243 4238 numeris:

123 4287 187 4354 164
208 4284 374 4362 uidemus,
396 4287 459 4353 164
480 4283 568 4358 hoco,
589 4285 650 4350 741
674 4303 842 4361 munuum,
864 4285 928 4352 373
948 4289 1037 4360 (ictu.
1058 4281 1122 4354 375
1138 4285 1242 4363 cium,

123 4401 255 4484 39i'cu,
273 4403 338 4470 642
354 4420 386 4479 u,
406 4409 468 4470 aut
483 4401 679 4470 sententia:
696 4403 760 4468 114
775 4420 862 4476 cnm.
881 4408 988 4488 atque
1004 4401 1065 4470 314
1081 4411 1127 4482 ui,
1147 4405 1244 4489 quod
