3360 5656
757 654 857 718 :52
877 690 917 700 ..

274 840 277 847 ’
318 841 387 907 66.
438 842 511 908 lam
544 847 629 909 uero
645 863 687 910 ex
717 841 945 929 Calliopianis
965 847 1026 930 qui
1052 846 1125 914 sint
1146 848 1275 916 huius
1294 850 1428 935 optimi

276 954 357 1021 libri
380 955 465 1023 iusti
486 957 637 1023 heredes
657 958 687 1023 si
710 959 863 1042 placebit
883 958 1078 1043 inquirere,
1101 960 1339 1030 uidebimus
1361 963 1429 1030 ali-

276 1070 422 1156 quando
442 1071 493 1139 CP
512 1072 711 1139 orationem
738 1073 984 1159 incorruptam
1007 1094 1188 1143 unacum
1212 1078 1245 1143 A
1270 1079 1428 1159 reterre,

279 1188 388 1255 DGFE
409 1189 581 1273 praehere
602 1188 768 1256 intestam
790 1196 852 1257 aut
874 1191 1083 1270 sententiae,

377 1347 426 1409 95.
471 1347 525 1410 hic
541 1349 686 1410 uiciniae
699 1349 794 1411 ACP:
810 1348 889 1440 huic
902 1349 1047 1412 uiciniae

358 1445 427 1508 768.
471 1463 581 1508 casam
596 1447 843 1508 ACP:causam

274 1605 336 1666 aut
356 1598 533 1677 numeriS,

353 1758 424 1819 217.
469 1759 912 1821 maneACszanemane

353 1856 423 1918 255,
468 1858 600 1919 saluum
618 1856 715 1918 ACP:
734 1857 866 1918 saluum
885 1863 916 1918 te

354 1955 425 2016 345.
471 1956 715 2034 praebetACP:
734 1955 890 2033 praebeat

354 2053 424 2114 850.
471 2054 592 2132 uapula
607 2055 704 2116 ACP:
721 2052 897 2131 uapulabis

274 2213 336 2275 aut
356 2207 588 2274 Terentianae
608 2206 779 2291 loquendi
798 2206 1065 2285 consuetudini,

352 2376 422 2439 755.
466 2376 559 2436 illam
577 2375 714 2436 alteram
728 2375 805 2437 ACP
820 2395 827 2434 :
845 2374 901 2434 illa
918 2374 1021 2435 altera

351 2474 420 2536 898.
466 2473 630 2551 dilapidat
643 2472 694 2534 AC
707 2493 715 2533 :
730 2472 892 2550 dilapidet

317 2651 385 2721 67.
409 2653 607 2731 Praeterea,
629 2652 718 2717 dum
738 2650 846 2718 ceteri
869 2651 948 2716 libri
969 2656 1077 2735 atque
1097 2649 1174 2735 ipse
1195 2651 1421 2726 Bembinus

272 2775 406 2848 errant,
424 2768 475 2835 CP
491 2774 625 2834 rectam
646 2768 745 2833 niam
762 2773 965 2852 sequuntur
982 2785 990 2832 :

353 2929 422 2990 526.
467 2929 686 2990 sterculinum
699 2926 875 3004 (steroi-Cl
892 2927 960 2989 GP:
977 2925 1200 2989 stercilinium

353 3026 422 3088 930.
468 3027 501 3087 in
517 3026 552 3087 in
570 3027 690 3087 malam
709 3043 778 3087 rem
796 3026 863 3086 cP:
882 3027 891 3086 i
908 3026 940 3086 in
958 3026 1079 3086 malam
1096 3042 1167 3086 ren

273 3199 357 3246 narn
379 3178 516 3245 ratione
537 3178 684 3244 metrica
706 3177 909 3262 postulatur
927 3173 1151 3242 sterculinum
1169 3182 1205 3244 et
1224 3174 1322 3245 inin
1342 3205 1354 3258 ;

351 3338 420 3399 428.
465 3338 585 3399 metuit
601 3338 655 3398 hic
671 3355 723 3398 me
740 3336 787 3397 ΟΡ
802 3357 809 3397 :
826 3336 945 3398 metuit
961 3335 1015 3398 hic
1031 3353 1092 3397 nos

275 3492 359 3558 Mihi
385 3492 483 3557 hunc
510 3491 628 3556 locum
655 3489 844 3575 diligenter
869 3487 1090 3554 examinanti
1115 3488 1213 3554 haud
1238 3488 1408 3559 dubium

271 3614 324 3675 est
353 3606 442 3692 quin
471 3605 645 3689 Demipho
670 3604 924 3671 Phormionem
958 3603 1210 3670 tantummodo
1240 3611 1406 3685 metuat,

272 3742 388 3808 neque
409 3727 613 3806 suspectam
635 3721 763 3786 haheat
782 3719 888 3786 Getae
908 3719 1029 3785 fidem.
1047 3719 1136 3785 Cum
1157 3724 1280 3786 autem
1299 3724 1405 3807 apud

270 3838 476 3905 Terentium
503 3856 703 3920 numquam
729 3853 791 3900 nos
818 3854 882 3919 pro
907 3853 965 3919 epo
988 3834 1046 3900 uel
1069 3852 1121 3900 mc
1147 3833 1309 3919 positum
1338 3838 1403 3916 sit,

271 3957 441 4022 audacter
459 3970 512 4019 mc
531 3953 715 4037 recipiam.
738 3952 837 4032 Quod
857 3951 1050 4018 consiliunt
1071 3950 1224 4020 suadent
1244 3951 1402 4036 quidem

268 4071 359 4137 -haec
379 4069 485 4135 Getae
505 4069 636 4134 uerha:
660 4063 740 4132 benc
758 4063 882 4132 hubent
902 4062 964 4131 rttl
980 4063 1159 4151 praecipio
1178 4064 1229 4150 (u.
1252 4067 1352 4150 429).

315 4266 384 4333 68.
407 4265 481 4329 illis
501 4263 675 4347 exemplis
695 4263 792 4328 aliud
813 4280 957 4347 quoque
977 4263 1206 4330 adiciendum
1228 4271 1318 4348 puto
1338 4285 1346 4333 :

352 4433 421 4494 296.
468 4432 644 4493 Necessum
661 4440 828 4508 (necesses
845 4430 879 4503 Pl
894 4429 942 4490 CP
955 4451 962 4490 :
977 4448 1111 4493 necesse
